1875 2636
196 671 557 760 Quemadmodum
582 705 847 740 historicorum
871 714 1060 749 veterum,
1112 706 1177 753 qui
1201 719 1288 740 vere
1311 706 1451 740 classici
1475 706 1664 753 appellan-

193 765 257 791 tur
279 759 325 805 ι),
354 769 410 792 ars
427 769 447 791 a
469 756 600 791 multis
619 769 736 804 saepe,
765 757 956 792 interdum
980 758 1094 793 etiam
1117 758 1290 805 cupidius
1310 762 1356 802 ²),
1385 757 1664 805 comparatione

193 821 281 844 cum
303 809 571 845 recentioribus
594 809 779 851 instituta,
807 810 956 845 laudata
979 819 1046 852 est,
1075 822 1094 844 a
1118 810 1246 857 paucis
1271 818 1371 844 recte
1397 810 1589 844 aestimata
1612 810 1662 855 ³),

192 860 244 897 ita
260 874 327 897 nec
345 860 556 904 defuerunt,
583 860 651 908 qui
667 860 936 897 recentioribus
963 861 1137 909 antiquos
1161 861 1357 897 historicos
1378 870 1660 908 postponerent,

193 921 232 948 et
257 913 304 948 de
327 925 459 948 eorum
493 921 570 948 arte
598 924 674 947 non
696 912 892 962 magnifice
922 921 1130 949 statuerent
1149 914 1196 959 ⁴).
1250 916 1385 960 Neque
1407 914 1506 947 enim
1533 913 1660 962 negari

192 974 329 1012 potest,
358 966 428 999 etsi
451 966 591 999 multae
615 973 703 998 sunt
727 965 883 999 illorum
903 966 1127 1012 scriptorum
1150 965 1326 1007 virtutes,
1352 974 1473 999 tamen
1494 977 1658 1009 onmem,

193 1017 239 1051 de
255 1030 327 1064 qua
343 1029 442 1051 nunc
458 1016 641 1064 sapienter
656 1016 894 1063 praecipitur,
922 1016 1257 1065 historiographiae
1283 1017 1361 1051 vim
1386 1025 1423 1051 et
1448 1025 1565 1051 artem
1590 1027 1659 1052 nec

190 1068 434 1116 scriptoribus
456 1081 524 1104 nec
539 1067 725 1103 iudicibus
755 1069 790 1114 5)
816 1067 992 1103 historiae
1014 1068 1177 1116 antiquis
1195 1069 1305 1115 plane
1332 1068 1519 1116 cognitam
1541 1065 1658 1104 fuisse

174 1129 299 1168 -atque
316 1118 554 1168 perspectam.
606 1122 737 1166 Nuper
753 1133 841 1155 vero
860 1120 1015 1164 exstitit,
1043 1120 1122 1168 qui,
1151 1133 1270 1167 quum
1280 1121 1421 1156 Sullam
1438 1119 1657 1155 etRoberti-

189 1183 384 1221 petraeum
398 1173 497 1208 inter
512 1184 551 1209 se
567 1170 736 1208 conferre
760 1180 798 1208 et
816 1171 1017 1221 utriusque
1041 1185 1099 1208 res
1124 1180 1162 1208 et
1184 1184 1307 1208 mores
1333 1172 1519 1220 explicare
1541 1181 1657 1220 atque

849 1226 883 1260 A
911 1238 933 1261 2
1527 1223 1655 1260 defen·

236 1338 266 1376 1)
289 1336 418 1367 Etenim
434 1336 530 1366 etiam
546 1336 631 1365 inter
653 1343 776 1367 veteres
791 1336 943 1372 fuerunt,
966 1336 1023 1377 qui
1047 1334 1098 1365 vel
1126 1335 1316 1376 aimpiiciter
1341 1344 1544 1373 enarrarent,
1570 1348 1653 1378 quae

275 1388 307 1411 et
324 1387 541 1423 cognoverant
558 1386 590 1409 et
606 1387 803 1420 acceperant:
829 1388 945 1409 enema
963 1386 995 1409 et
1015 1379 1099 1409 facta
1115 1378 1284 1408 hominum
1302 1378 1572 1420 populorumque,
1601 1379 1652 1411 vel

272 1424 307 1454 in
332 1423 476 1454 ordinem
499 1422 667 1464 quemdam
682 1422 863 1465 redigerent
886 1422 1030 1453 omnium
1054 1430 1236 1463 temporum
1257 1433 1315 1458 ren,
1342 1421 1431 1452 nulla
1458 1434 1652 1465 magnopere

270 1467 322 1497 usi
340 1475 416 1503 arte,
441 1466 538 1496 utiles
555 1465 604 1494 illi
621 1465 749 1507 quidem
765 1468 918 1506 scriptores
934 1465 1128 1506 (συγγραφεῖς,
1149 1465 1345 1506 λογογράφοι),
1369 1465 1426 1494 sed
1441 1477 1508 1495 non
1522 1467 1653 1497 historici

270 1510 400 1552 proprio
414 1507 608 1550 appellandi.
655 1509 700 1539 Vt
724 1516 843 1538 taceam
869 1519 933 1545 eos,
959 1508 1016 1550 qui
1034 1508 1148 1538 seriori
1174 1516 1289 1545 aetate,
1313 1519 1354 1538 ne
1379 1507 1502 1538 iudicio
1520 1509 1650 1552 quidem

271 1552 436 1590 adhibito,
461 1563 509 1582 res
526 1552 792 1593 comcripserunt.

230 1619 264 1655 2)
287 1615 333 1645 Vt
348 1625 364 1644 a
385 1613 541 1649 Wareono,
558 1612 648 1642 cuius
659 1612 864 1654 Comparatio
883 1620 1028 1643 veterum
1048 1620 1080 1642 et
1102 1611 1317 1642 recentiorum
1344 1622 1449 1652 nuper
1461 1611 1649 1654 francogall.

272 1657 397 1688 reddita
416 1664 464 1687 est
479 1657 561 1693 (Des
578 1656 706 1686 ariciens
723 1664 755 1687 et
771 1655 825 1687 des
843 1655 1021 1693 moderues,
1047 1655 1202 1687 Archives
1217 1654 1315 1686 litter.
1333 1654 1372 1685 de
1385 1654 1540 1698 l’Europe
1559 1663 1649 1695 1304,

271 1714 304 1732 n.
319 1702 393 1740 XI.)
417 1712 448 1742 p.
469 1709 539 1740 185·
559 1711 584 1734 e.

229 1766 264 1803 5)
287 1762 331 1793 Vt
351 1760 431 1792 aiios
456 1771 527 1791 non·
539 1771 729 1797 recenseam,
754 1759 940 1791 conferendi
960 1767 1037 1793 suut
1061 1759 1183 1790 Conzius
1206 1759 1302 1801 (fiber
1326 1758 1378 1789 die
1402 1759 1516 1791 histor.
1540 1760 1649 1791 Kunst

272 1806 328 1835 der
347 1804 449 1842 Alton,
474 1805 628 1835 Museum
647 1805 669 1834 f.
687 1804 805 1846 griech.
822 1803 890 1833 und
907 1806 984 1834 ῐὸιιι.
1002 1804 1071 1835 Lit.
1088 1804 1132 1833 St.
1152 1807 1198 1842 2.)
1216 1811 1247 1833 et
1268 1803 1428 1833 Creuzerus
1450 1802 1518 1838 <die
1534 1803 1647 1834 histor,

271 1851 378 1880 Kunst
397 1848 452 1879 der
468 1848 627 1879 Griechen
648 1867 687 1872 —
703 1849 744 1877 L.
767 1856 858 1886 1803.
872 1852 919 1887 8.)
963 1846 1046 1879 Add.
1064 1847 1208 1878 Schellius
1221 1845 1359 1884 (welche
1376 1845 1441 1876 alte
1457 1846 1552 1880 klass.
1572 1852 1646 1879 Aut.

270 1911 315 1918 —
337 1892 398 1923 coll
413 1903 486 1922 man
502 1891 608 1933 lesen)
624 1902 655 1933 p.
675 1899 868 1932 139—290.

228 1959 263 1994 4)
294 1954 446 1995 Inprimis
464 1965 504 1983 ex
522 1964 586 1993 quo
604 1960 751 1993 coeptum
772 1960 829 1989 est,
853 1951 1096 1981 Machiavellium
1113 1951 1251 1993 primum
1270 1950 1387 1985 dicere,
1410 1961 1427 1980 a
1445 1961 1511 1991 quo
1528 1952 1645 1992 scripta

272 2008 345 2030 vere
363 1996 499 2028 historia
524 1996 633 2027 fuerit.

228 2062 263 2100 5)
286 2058 331 2090 Vt
347 2058 490 2101 Dionysio
507 2056 652 2088 Halic.‹·.t
671 2057 812 2088 Luciano.
836 2055 887 2087 Cf.
908 2054 1061 2090 Wieland.
1107 2055 1174 2087 Att.
1200 2054 1293 2088 RIus.
1313 2054 1339 2086 I.
1358 2061 1439 2097 part.
1466 2063 1495 2094 5.
1520 2065 1553 2098 p.
1573 2056 1643 2095 263.

273 2102 400 2134 crcuzer
414 2101 562 2133 Herodot
576 2100 644 2132 und
658 2100 806 2142 Tliucyd.
823 2112 854 2141 p.
873 2109 927 2139 85.
945 2111 968 2130 ε.
