1875 2636
951 186 998 217 xi

237 301 383 340 dudum
397 299 594 350 insederat,>
621 299 958 350 confirmatumque
973 311 1030 338 est
1043 301 1261 340 felicissimo
1277 310 1317 339 et
1338 304 1399 339 vel
1416 315 1522 352 spem
1542 304 1624 342 eius
1639 319 1703 343 su-

236 365 390 405 perante
406 366 581 391 successu
596 367 723 390 rerum
740 355 861 390 adhuc
874 364 1073 405 gestarum.
1101 358 1246 405 Neque,
1271 368 1336 391 cur
1353 368 1493 406 regem,
1521 360 1700 408 Aegypto

236 415 463 458 expugnata,
490 406 592 442 adire
613 407 832 443 Hammonis
857 408 1060 453 oraculum,
1088 408 1124 444 h.
1153 421 1183 446 e.
1212 407 1481 446 fertilissimam
1506 419 1545 447 et
1561 424 1698 449 merca-

235 470 343 497 turae
358 459 494 508 opibus
509 458 808 494 florentissimam
831 459 970 505 Libyae
991 460 1195 510 regionem,
1220 462 1442 509 oportuerit,
1469 463 1698 501 demonstra-

235 523 320 549 tum
346 521 404 548 est
427 514 503 557 ⁴0).
558 514 616 547 Ne
636 511 741 546 illam
765 512 917 559 quidem
938 525 1087 547 morum
1111 513 1190 548 eius
1208 513 1457 549 mutationem
1474 517 1557 560 ⁴¹),
1586 529 1698 564 quam

234 564 404 602 euenisse
419 563 658 603 consentiunt
674 575 813 607 onmes,
842 564 911 600 emi
927 564 1089 612 plurima
1104 564 1168 601 alii
1192 564 1280 600 inde
1304 565 1476 601 deriuant
1491 567 1697 607 Alexandri

233 617 397 661 crimina,
424 615 555 652 mitius
572 616 636 653 alii
653 624 835 660 statuunt,
859 616 945 652 satis
962 616 1183 665 explicatam
1200 617 1244 653 ab
1262 617 1417 654 Arriano
1436 617 1524 654 vidi.
1567 622 1696 668 Quod-

232 671 265 705 si
278 671 380 705 illius
396 668 534 702 iudicia
556 670 620 716 ⁴²)
636 668 745 703 iustis
761 668 1019 703 destituuntur
1044 669 1174 713 causis,
1207 668 1345 717 quibus
1370 677 1472 705 certo
1499 668 1692 719 efficiatur,

231 724 346 757 talem
355 733 433 756 esse
449 720 623 755 debuisse
639 733 751 767 quem
769 719 884 755 fuisse
893 721 1139 769 cognouimus
1148 722 1415 764 Alexandrum,
1425 723 1550 758 multo
1564 724 1691 762 minus

230 789 310 811 eam
328 783 445 809 artem
462 782 500 807 et
514 772 697 807 rationem
713 771 900 807 factorum
915 782 952 807 et
978 786 1127 807 morum
1145 774 1311 821 grauiter
1334 782 1372 806 et
1393 786 1482 807 vere
1504 778 1692 823 explican-

229 826 364 863 dorum
380 823 535 860 seriores
552 823 747 871 scriptores
775 836 923 872 graecos
945 824 1109 859 tenuisse
1130 824 1422 860 existimandum
1446 834 1512 860 est.
1569 830 1692 875 Quare

231 879 275 916 ad
303 878 439 915 latinos
460 875 679 920 accedimus,
709 875 787 924 qui,
817 888 893 924 quo
919 875 1110 923 pauciores
1138 885 1227 913 sunt
1250 875 1517 914 historicorum
1539 880 1697 918 nomine

229 943 317 969 vere
332 929 449 980 digni,
476 927 521 964 eo
537 927 692 964 breuius
714 937 823 963 erunt
841 928 1101 978 persequendi.

326 1038 428 1070 Inter
452 1045 559 1080 quos,
587 1044 708 1080 quum
730 1031 987 1078 antiquiorum
1012 1044 1087 1065 non
1110 1040 1255 1066 seruata
1280 1032 1355 1065 sint
1376 1032 1449 1066 nisi
1469 1032 1688 1083 fragmenta,

230 1086 374 1137 primus
392 1083 639 1121 nominandus
656 1092 712 1119 est
728 1083 932 1120 Sallustius.
990 1086 1121 1131 Quem,
1149 1084 1251 1131 quod
1267 1093 1410 1119 constet
1427 1086 1689 1131 Thucydidem

232 1148 312 1177 esse
341 1138 569 1175 aemulatum
589 1138 663 1181 ⁴²),
691 1144 795 1171 tanto
820 1134 958 1171 rectius
984 1135 1208 1182 sperandum
1231 1144 1289 1171 est
1310 1134 1350 1170 in
1372 1148 1497 1172 causas
1521 1137 1690 1186 ingenio·

227 1204 314 1231 rum
329 1200 368 1226 et
384 1189 571 1225 factorum
586 1187 832 1234 inquisiuisse.
886 1189 1020 1233 Neque
1034 1184 1125 1222 vei-6
1148 1198 1190 1222 ea
1207 1198 1291 1234 spes
1308 1195 1364 1222 est
1380 1186 1485 1224 falsa.
1538 1192 1635 1224 Nam
1649 1190 1689 1226 in

227 1244 294 1280 illo
322 1241 476 1292 quidem
497 1239 640 1284 libello,
668 1239 851 1298 quempde
872 1238 1051 1325 cantilinae
1073 1238 1330 1275 coniuratione
1354 1241 1576 1289 composuit,
1612 1241 1689 1290 prif

968 1302 987 1323 2
1566 1305 1685 1339 mum,

270 1452 328 1488 40)
349 1447 433 1479 Nam
449 1456 508 1476 nec
526 1443 702 1479 oraculum,
726 1441 814 1483 quod
830 1445 942 1485 οἶτρυιὲς
958 1442 1132 1479 dicebatur,
1157 1453 1217 1473 nec
1229 1443 1336 1473 Persei
1354 1451 1450 1485 atque
1467 1445 1619 1476 Herculi·
1635 1457 1685 1477 ae-

313 1490 448 1522 mulatio
465 1499 570 1532 regem
588 1486 699 1518 (lubuit
725 1489 776 1522 (ut
790 1486 851 1523 ΙΙΙ,
870 1496 900 1525 5,
923 1498 949 1517 ι.
968 1487 1119 1525 refertur)
1140 1486 1181 1517 ad
1205 1486 1267 1523 iter
1287 1482 1369 1516 illud
1394 1486 1568 1529 impellere,
1592 1490 1684 1521 cuius

313 1534 556 1576 opportunitate
573 1531 692 1561 Darius
709 1529 791 1560 vires
813 1531 921 1571 potuit
942 1539 1143 1571 recuperare;
1167 1530 1234 1559 imo
1252 1530 1439 1561 commercia
1457 1531 1542 1562 inter
1558 1534 1685 1575 Aegyp-

312 1586 382 1609 tum
398 1585 429 1607 et
446 1575 596 1617 Libyam,
620 1574 773 1604 hactenus
788 1573 977 1614 interrupta,
1003 1572 1142 1610 restitui,
1166 1571 1268 1603 multo
1284 1573 1416 1616 grauius
1429 1581 1506 1605 erat.

270 1642 326 1680 ίμ)
349 1636 364 1673 ἦ
393 1638 573 1676 μετακίνησις
597 1634 623 1665 ἒς
647 1633 678 1666 rei
699 1624 933 1678 βαρβαμκότεροι
954 1632 1028 1669 (IV,
1042 1640 1072 1671 8,
1092 1633 1137 1671 6.)
1163 1632 1254 1663 cuiun
1272 1631 1392 1674 duplex
1407 1641 1533 1674 poterat
1550 1633 1684 1666 indicari

313 1692 417 1716 causa,
442 1678 541 1709 altera
559 1677 678 1718 inipso
697 1676 870 1707 Alexandri
894 1688 909 1705 a
926 1675 1070 1706 vanitate
1094 1686 1258 1716 uunquam
1281 1675 1389 1706 alieno
1412 1677 1561 1719 ingenio,
1585 1678 1683 1708 altera

312 1725 347 1755 in
376 1724 435 1754 ista
451 1720 644 1765 populorum
658 1719 801 1751 Orientis
819 1719 953 1757 ratione,
979 1728 1060 1761 quae
1077 1717 1128 1750 vel
1147 1718 1282 1762 cogebat
1297 1729 1404 1763 regem
1420 1719 1566 1752 Orientis
1580 1733 1683 1759 mores

312 1769 414 1810 sequi,
439 1766 524 1797 unde
540 1766 636 1796 etiam
657 1764 877 1795 adorationem
898 1763 1067 1805 ssagitauit.

269 1834 326 1869 42)
350 1830 393 1859 Vt
410 1828 466 1863 IV,
485 1837 514 1866 9,
533 1837 559 1856 ι.
578 1836 602 1855 ι.
626 1824 750 1854 Iudicia
766 1823 899 1854 aliorum
917 1822 955 1852 de
974 1821 1157 1853 Alexandro
1172 1822 1311 1864 plurima
1335 1822 1466 1866 collegit
1482 1823 1683 1854 Chaussm-‹lizs

313 1883 393 1904 vers.
412 1869 496 1901 laud.
519 1870 557 1899 T.
576 1868 638 1898 Ill.
654 1880 686 1910 p.
704 1874 744 1907 24
757 1885 798 1890 —
811 1867 883 1905 156.

269 1940 326 1976 (42)
349 1932 401 1966 Cf,
419 1932 443 1963 1.
463 1932 485 1963 1.
504 1931 545 1963 ΙΙ.
566 1929 644 1961 Naxt
660 1929 782 1960 Comm.
800 1927 839 1958 de
848 1926 1023 1958 virtutibus
1040 1925 1194 1957 historiae
1203 1925 1427 1963 Sallustianae,
1454 1927 1574 1970 Stuttg.
1590 1937 1684 1969 1785·

313 1985 344 2017 4.
363 1976 419 2019 qui
437 1974 520 2004 idem
539 1974 597 2004 Vir
610 1972 721 2003 doctus
735 1972 831 2003 etiam
848 1970 887 2001 de
904 1970 999 2000 modo
1016 1977 1162 2001 veterum
1176 1968 1343 2001 historiam
1355 1971 1572 2012 pertractandi
1588 1972 1684 2013 scrip-

310 2021 366 2057 nit,
391 2021 482 2058 2736.
529 2019 554 2050 Ι,
572 2017 605 2047 C.
625 2015 782 2056 Brieglebii
796 2014 871 2045 diss.
889 2014 928 2044 de
955 2014 1087 2056 ingenio
1108 2012 1225 2053 philos.
1247 2014 1404 2048 Sallustii.
1428 2014 1507 2045 cub.
1538 2025 1630 2054 ¹7⁷9·
1653 2022 1683 2054 4.

311 2064 388 2096 Non
406 2061 500 2092 morlo
516 2061 681 2093 Burtonus
698 2060 730 2090 in
749 2059 818 2090 eius
835 2057 999 2102 ingenium
1015 2055 1198 2099 inquisiuh,
1222 2056 1279 2088 sed
1295 2058 1393 2090 etiam
1413 2055 1482 2087 [ἰοὺ.
1497 2051 1586 2088 Αἰυεὲ
1598 2058 1685 2089 'rhu-

311 2106 470 2148 cyffidem,
480 2105 667 2136 Sallustium
678 2112 711 2133 et
724 2104 871 2133 Tacitum
883 2103 968 2132 iuter
979 2112 1013 2132 se
1028 2100 1235 2142 comparauit.
1281 2101 1355 2132 Vid.
1366 2102 1581 2143 Bnggemann
1590 2102 1686 2134 View

312 2152 349 2181 of
362 2150 417 2180 the
434 2148 572 2191 English
586 2148 738 2177 Editions
753 2155 813 2177 etc.
836 2158 867 2187 p.
883 2153 957 2184 532.
