1875 2636
897 151 960 176 VH

194 271 285 300 sunt
300 260 662 298 administrationem
678 259 841 296 ciuitatis
858 270 1057 309 comparat.
1111 264 1207 297 Nam
1231 275 1278 298 ex
1296 260 1451 311 ingenio
1475 269 1665 296 utrorum—

194 327 270 364 que
284 314 422 362 repetit
439 311 635 355 rationem,
665 324 760 360 quae
777 313 875 348 inter
890 313 991 361 ipsos
1013 322 1052 349 et
1067 316 1251 361 populum
1268 313 1472 350 necessario
1488 313 1666 349 interces-

194 367 297 410 serit,
325 375 363 400 et
378 378 426 399 ex
443 365 511 398 hac
529 365 697 407 modum,
721 377 796 412 quo
807 366 1074 414 rempublicam
1092 367 1283 415 gesserint.
1338 366 1546 402 Prudenter
1565 377 1664 409 sane,

194 430 436 467 quamquam,
462 429 507 450 an
523 416 695 464 cupidius
713 418 885 452 laudatus
903 418 951 453 sit
966 419 1138 461 Pericles,
1166 419 1331 454 dubitari
1347 427 1485 466 potest.
1533 420 1666 465 Ipsum

195 478 324 505 autem
346 469 492 503 bellum
511 470 868 516 Peloponnesiacum
893 479 931 506 et
963 470 1165 505 necessaria
1188 484 1314 507 rerum
1333 471 1428 506 serie
1448 470 1664 513 aduectum,

195 531 234 558 et
258 520 412 556 Periclis
433 521 588 556 consilio
610 531 826 569 susceptum
842 523 1171 565 essedemonstrat
1193 526 1264 563 ¹⁸).
1320 523 1522 558 Verissime
1538 522 1664 565 etiam,

195 586 315 622 quum
333 573 426 609 belli
442 573 557 609 Siculi
574 573 619 608 ab
642 574 931 610 Atheniensibus
958 584 1097 611 temere
1122 584 1161 610 et
1186 575 1292 611 Nicia
1317 575 1554 610 dissuadente
1577 574 1664 608 initi

195 637 319 661 causas
343 625 552 674 indagaret,
583 626 836 662 necessitatem
862 627 1061 675 quamdam
1090 628 1170 663 eius
1192 627 1231 662 in
1257 636 1380 671 metu,
1408 640 1455 662 ne
1471 625 1663 676 Egestaeis

195 677 388 721 subactis,
398 680 547 713 Dorum
561 676 722 726 ideoque
738 679 1107 715 Lacedaemonium
1096 680 1299 739 lmpterium
1316 679 1429 715 nimis
1444 686 1661 727 augeretur,

192 730 351 773 inuenit,
360 729 544 765 rationem
560 730 600 764 in
610 731 877 777 cupiditatibus
895 732 1092 766 homiuum
1104 732 1199 766 varii
1215 733 1361 781 generis
1377 741 1417 766 et
1432 731 1563 766 aetatis
1587 734 1600 752 ¹
1611 733 1660 773 ⁹).

193 784 329 830 Neque
346 782 471 817 minus
488 791 588 816 recte
603 782 730 817 Niciae
745 795 833 818 cum
854 784 1022 819 exercitu
1044 797 1065 819 e
1082 784 1206 820 silicia
1228 785 1350 819 redire
1374 783 1491 819 coacti
1514 791 1663 817 cuncta·

194 834 339 871 tionem
362 843 400 870 et
417 833 559 870 cladem
577 842 657 870 tum
675 848 722 870 ex
738 835 885 872 euentis
903 845 986 871 tum
1003 849 1051 871 ex
1066 835 1217 886 ingenio
1234 835 1397 873 hominis
1414 834 1567 883 repetiit
1584 837 1659 876 ²0).

194 889 337 935 Itaque,
374 898 494 933 quum
510 887 622 921 talem
639 887 802 931 haberet,
836 900 951 935 quem
972 888 1081 935 sequi
1106 897 1245 936 posset,
1280 889 1412 923 ducem
1443 887 1663 935 Xenophon,

194 938 326 974 multis
349 937 415 973 ille
438 938 654 973 nominibus
676 940 881 975 laudandus
906 940 1117 982 historicus,
1151 940 1364 975 mirandum
1384 947 1491 982 esset,
1509 951 1597 974 eum
1622 938 1662 972 in

194 991 267 1026 hoc
295 1002 441 1039 genere,
481 998 527 1025 ut
548 990 586 1024 in
605 990 698 1034 aliis,
719 991 896 1027 maluisse
923 991 967 1026 ad
984 991 1168 1027 Herodoti
1190 993 1408 1052 exemplum
1433 966 1555 1026 redire
1581 992 1661 1034 ²¹),

197 1043 270 1079 nisi
288 1043 323 1079 ei
337 1041 455 1079 fuisse
473 1055 548 1078 non
565 1042 657 1078 adeo
683 1056 803 1080 acrem
827 1053 864 1079 et
887 1044 1072 1092 insignem
1094 1044 1228 1079 mentis
1247 1045 1337 1087 vim,
1367 1056 1525 1090 eamque
1548 1039 1662 1078 etiam

197 1103 296 1131 certa
312 1094 469 1142 quadam
489 1094 762 1141 superstitionis
781 1095 936 1138 ratione,
952 1106 1065 1142 quam
1082 1104 1181 1131 certe
1198 1108 1273 1131 non
1291 1108 1339 1131 ex
1356 1094 1538 1131 Socratica
1557 1094 1662 1129 scho-

196 1147 232 1183 la
248 1154 445 1194 acceperat,
472 1145 589 1194 magis
614 1146 835 1191 hebetatam,
861 1146 1009 1182 aliunde
1032 1155 1217 1182 constaret
1236 1149 1309 1194 ²²).
1365 1146 1525 1183 Somniis
1548 1145 1660 1188 enim,

198 1198 367 1240 oraculis,
402 1197 481 1232 aliis
503 1197 661 1232 deorum
683 1198 836 1234 monitis
858 1198 993 1234 maluit
1018 1207 1056 1234 et
1079 1211 1163 1234 suas
1190 1207 1228 1234 et
1251 1199 1413 1235 aliorum
1439 1209 1497 1234 res
1519 1197 1660 1245 potius,

198 1263 312 1299 quam
328 1249 538 1285 deliberatis
557 1250 719 1285 consiliis
735 1259 773 1285 et
787 1250 994 1285 rationibus
1012 1251 1191 1299 grauibus
1208 1251 1309 1300 regi3
1339 1249 1540 1294 ominibus,
1555 1261 1660 1297 prae⁴

199 1303 321 1352 sagiis,
350 1310 388 1337 et
404 1301 563 1337 insolitis
579 1310 731 1338 naturae
748 1303 891 1338 euentis
907 1302 1113 1351 plurimum
1130 1302 1267 1338 tribuit
1287 1304 1359 1350 ²³),
1388 1311 1499 1351 atque
1520 1302 1572 1337 ita
1597 1313 1661 1336 ne·

200 1355 409 1391 cessitatem
437 1354 633 1401 quamdam
655 1368 781 1390 rerum
807 1354 1070 1402 factorumque
1097 1367 1205 1403 saepe
1238 1355 1402 1399 induxit,
1439 1366 1547 1402 quae,
1587 1353 1661 1388 nisi

200 1408 318 1454 ipsam
334 1419 480 1442 morum
497 1407 729 1441 honestatem
742 1408 813 1442 hoc
829 1408 910 1442 siue
926 1407 1118 1455 religionis
1144 1407 1225 1442 siue
1240 1406 1516 1454 superstitionis
1538 1405 1661 1440 veluti

200 1459 443 1495 fundamento
460 1458 532 1492 niti
547 1458 726 1503 iussisset,
752 1459 872 1494 ethico
889 1459 991 1508 quod
1006 1459 1047 1493 in
1064 1459 1331 1506 componendis
1346 1458 1452 1493 libris
1477 1466 1660 1505 sequutus

1495 1522 1660 1544 maxune

250 1630 312 1670 ιθ)
334 1629 375 1661 L.
389 1628 415 1660 I.
427 1628 535 1672 Atque
544 1627 582 1660 ad
599 1628 685 1660 illam
701 1639 806 1660 rerum
816 1628 929 1660 seriem
947 1628 1165 1662 declarandam
1183 1629 1289 1672 ipsum
1302 1627 1514 1671 prooemium,
1534 1627 1659 1670 opinor,

288 1682 447 1716 spectat‚a
465 1674 632 1704 nonnuliis
642 1673 878 1715 reprehensum.
915 1674 965 1706 Cf.
985 1675 1080 1704 Evers
1096 1675 1184 1706 Diss.
1203 1673 1241 1704 de
1252 1683 1396 1715 prooem.
1414 1673 1521 1706 Thuc.
1536 1683 1607 1715 P·7·
1621 1683 1661 1703 ss.

249 1737 304 1774 19)
325 1735 383 1772 Vl,
403 1736 431 1763 6.
449 1743 481 1764 et
500 1741 551 1772 24.

246 1800 302 1832 20)
323 1795 395 1830 VH,
413 1802 466 1834 47.
484 1806 523 1827 88.
541 1794 598 1825 ubi
615 1805 639 1825 c.
656 1803 707 1834 5²·
731 1791 761 1830 {r
776 1794 830 1837 γεῖς
851 1807 879 1826 τι
901 1795 1043 1834 (Nicias)
1066 1796 1115 1826 καὶ
1138 1792 1210 1832 ι’ἷγοιν
1234 1796 1359 1832 &suasu-5
1381 1807 1412 1825 τε
1434 1796 1484 1825 καὶ
1506 1796 1544 1833 r&
1564 1794 1662 1832 τοιέτῳ

287 1852 481 1882 “pumannu-

246 1903 303 1938 ξι)
327 1900 469 1941 Dionys.
485 1898 589 1928 Helie.
605 1899 666 1939 Ep.
684 1897 723 1928 ad
739 1899 851 1940 Pomp.
868 1899 906 1930 de
925 1910 1026 1941 praec.
1044 1899 1155 1930 histor.
1180 1910 1205 1929 c.
1222 1906 1254 1939 4.

249 1963 305 1999 22)
334 1960 453 1991 Weiske
468 1960 589 1995 Comm.
606 1959 644 1989 de
669 1960 733 2002 ing.
752 1959 907 2001 ,Xenopln
930 1961 968 1990 T.
992 1960 1019 1993 Ῐ.
1043 1959 1127 2001 Opp.
1149 1971 1180 2001 p.
1205 1960 1360 1990 XXXIX.
1384 1959 1543 1991 XLVIII.
1570 1968 1602 1991 et
1624 1959 1662 1990 de

291 2004 375 2034 Hist.
395 2015 504 2046 gnaeca
522 2005 560 2036 T.
576 2003 632 2032 IV.
651 2015 685 2044 p.
698 2003 787 2033 XVI.
837 2004 963 2034 Creuzer
976 2004 1086 2033 histor.
1105 2004 1211 2034 Kunst
1227 2003 1283 2033 der
1302 2005 1356 2034 Gr.
1381 2015 1411 2044 p.
1431 2012 1504 2044 290.
1519 2014 1559 2033 sn.

248 2067 303 2102 23)
328 2063 454 2094 Creuzcr
467 2063 506 2094 de
520 2064 668 2106 Xenoph.
686 2063 840 2095 historico
857 2064 1017 2107 simulque
1035 2063 1190 2094 historiae
1214 2065 1308 2098 scrib.
1326 2065 1451 2095 ratione
1473 2076 1568 2107 quam
1587 2064 1663 2095 inde

291 2107 329 2137 ab
346 2107 466 2139 Herod.
484 2116 517 2139 et
536 2107 639 2140 T.huc
655 2108 777 2149 scriptt.
794 2109 907 2139 Graeci
923 2109 1025 2140 secuti
1041 2117 1127 2145 sunt,
1151 2109 1187 2141 P.
1208 2109 1234 2141 I.
1250 2112 1304 2146 (ι
1291 2112 1422 2151 9..9)p
1440 2118 1471 2148 5.
1488 2121 1529 2139 su.
