1875 2636
908 166 968 198 xri

200 287 321 326 nisum,
339 271 535 330 *quomodo
551 280 677 328 ipsum
695 280 860 316 hominis
877 282 1075 330 ingenium
1094 273 1286 327 animique·
1301 276 1446 315 indoles
1463 277 1510 314 ad'
1523 290 1675 315 omnem

203 335 426 382 prauitatem
450 331 567 368 fuerit
591 331 774 375 formata,
803 333 912 368 docet
938 334 1022 378 ⁴³);
1077 332 1230 376 deinde,
1262 333 1595 380 quid·temporum
1618 344 1675 366 ra-

203 388 323 423 tiones
341 384 528 422 valuerint
544 386 621 431 ⁴⁴),
645 384 819 432 explicat,
848 385 949 420 unde
973 384 1128 420 omnino
1150 384 1399 420 necessarium
1425 383 1541 419 fuisse
1568 382 1674 419 colli-

204 439 319 489 citur,
327 446 372 473 ut
390 436 531 486 patriae
547 435 618 472 iste
630 435 814 485 bonisque
830 436 1006 472 omnibus
1023 436 1221 472 interitum
1238 437 1436 472 moliretur
1448 439 1523 483 ⁴5).
1546 439 1673 471 Vnum

202 493 274 527 hoc
295 489 516 538 reprehendi
538 497 676 536 potest,
714 490 828 537 quod,
865 502 986 536 quum
1010 489 1111 524 iusto
1129 489 1281 524 breuior
1298 488 1433 524 fuisset
1454 489 1613 537 scriptor
1632 488 1672 523 in

203 542 313 580 variis
330 540 498 591 partibus
516 549 565 585 et,
595 549 641 576 ut
656 541 708 577 ita
726 541 856 585 dicam,
884 540 1029 576 actibus
1051 541 1320 577 coniurationis
1341 542 1446 576 Catil.
1465 541 1673 577 discerneri-

203 596 259 631 dis
279 604 318 631 et
333 593 573 643 explicandis,
598 606 675 629 non
700 594 786 629 satis
812 602 947 642 pateat,
976 593 1115 642 quibus
1146 594 1282 629 sensim
1308 593 1430 629 modis
1457 594 1502 629 ad
1518 593 1674 629 consilia-

200 648 327 696 peiora
344 656 382 682 et
396 646 576 682 atrociora
590 645 754 682 facinora
775 645 895 682 fuerit
920 647 1081 681 adactus.
1136 646 1323 681 Maiorem
1349 646 1461 682 etiam
1481 645 1595 681 habet
1609 648 1674 681 Iu-

200 698 368 750 gurthini
382 697 474 735 belli
490 697 674 734 enarratio
692 697 910 734 varietatem
925 711 1053 734 rerum
1070 706 1108 734 et
1124 710 1331 733 causarum.
1386 700 1482 734 Nam
1500 710 1575 734 non
1592 710 1673 734 mo-

200 753 250 788 do
266 752 364 802 regis
379 750 542 786 rationes
559 759 667 799 saepe
684 751 722 785 in
740 749 807 786 illo
825 750 924 787 bello
948 759 1120 794 mutatas,
1140 751 1204 786 sed
1219 753 1478 786 Romanorum
1504 760 1671 800 quoque,

201 803 367 861 quibus
355 815 393 838 ιη
409 815 453 839 eo
464 802 564 838 bello
572 811 696 850 partes
707 802 874 846 fuerunt,
884 803 1088 850 explicare*
1078 803 1229 851 ingenia
1238 803 1397 850 scriptor
1413 803 1581 838 instituit
1591 804 1668 849 ⁴⁶).

199 856 314 892 Illum
328 854 445 904 igitur
458 865 532 891 non
554 853 669 891 modo
684 862 817 890 natura
840 854 1042 902 animoque
1066 852 1185 891 fuisse
1203 853 1415 898 barbarum,
1443 855 1507 891 sed
1526 863 1672 901 ternpo-

199 907 306 945 ribus
326 907 435 944 etiam
457 918 603 955 semper
620 906 781 951 cessisse,
809 907 1013 955 prudenter
1030 907 1150 951 docet,
1177 906 1245 943 hos
1256 907 1426 953 (Aulum,
1452 907 1669 951 Metellum,

198 958 382 1006 Marium)
407 958 599 1007 quomodo
622 959 753 994 ciuiles
779 959 1025 995 dissensiones
1050 969 1162 1007 atque
1184 958 1330 1006 priuata
1355 960 1479 995 studia
1502 959 1670 995 rexerint

197 1011 382 1060 factisque
403 1022 537 1048 eorum
560 1009 706 1048 fuerint
729 1011 931 1056 moderata,
969 1011 1090 1060 perite
1114 1010 1282 1059 exponit.
1337 1011 1455 1055 Vnde,
1491 1020 1670 1060 quantam

196 1063 398 1101 fecerimus
414 1063 454 1098 in
469 1075 536 1099 sex
553 1063 634 1099 eius
650 1064 903 1100 Historiarum
926 1064 1044 1108 libris,
1074 1063 1213 1113 quibus
1231 1066 1416 1100 Romanas
1438 1077 1495 1100 res
1511 1076 1531 1100 a
1545 1073 1670 1101 morte

199 1118 325 1154 Sullae
355 1128 478 1164 usque
504 1116 550 1151 ad
579 1116 759 1152 Catilinae
775 1117 1070 1164 coniurationem
1089 1126 1303 1165 per-secutus
1328 1126 1407 1152 erat
1432 1119 1515 1162 ⁴⁷),
1558 1116 1670 1152 facile

195 1178 323 1217 potest
338 1167 503 1203 iudicari.
559 1169 638 1212 Ille,
648 1181 761 1215 quem
778 1182 964 1204 summum
980 1178 1176 1204 auctorum
1192 1168 1274 1216 ipse
1289 1169 1441 1204 Tacitus
1450 1168 1667 1215 laudat4⁸);

198 1221 316 1258 Iulius
337 1221 487 1265 Caesar,
515 1219 623 1257 cuius
648 1220 908 1257 commentarii
927 1234 1004 1258 non
1028 1220 1269 1270 simplicitate
1291 1220 1470 1257 orationis
1493 1231 1532 1258 et
1549 1234 1668 1258 venu-

1572 1282 1668 1310 state

239 1430 298 1467 43)
318 1426 357 1457 B.
376 1415 449 1460 Crat.
467 1435 493 1456 c.
512 1435 541 1456 1.

241 1493 301 1528 44.)
324 1487 480 1529 Corrupti
496 1497 600 1518 mores
624 1484 780 1524 ciuitatis,
804 1486 1005 1519 familiaritas
1027 1487 1240 1530 pessimorum
1267 1486 1448 1526 hominum,
1471 1485 1575 1529 plebia
1599 1496 1665 1521 stu·

287 1531 339 1562 dia
355 1541 513 1562 nouarum
531 1541 637 1566 rerum
654 1542 680 1563 c.
708 1543 731 1561 1.
758 1542 805 1562 ιο.
820 1542 861 1562 ss.
878 1540 931 1571 33.

240 1596 299 1632 45)
321 1592 438 1633 Neque
457 1592 544 1622 enim
561 1590 717 1622 inuidiam
738 1591 900 1622 Catilinae
917 1592 1044 1628 factam,
1069 1603 1324 1634 oppressumque
1347 1603 1420 1623 eum
1442 1592 1564 1624 iniuste
1581 1605 1664 1632 ⁴esse,

284 1634 373 1678 quod
388 1635 532 1672 fuerunt,
558 1635 615 1678 qui
631 1635 838 1674 coniicerent,
871 1634 978 1666 doceri
994 1643 1111 1677 potest.

238 1698 299 1738 46)
320 1695 483 1733 „Bellum
508 1695 626 1738 inquit,
650 1696 829 1738 scripturus
844 1707 925 1733 sum,
951 1695 1038 1738 quod
1054 1695 1196 1739 populus
1209 1697 1305 1729 Rom.
1333 1706 1405 1727 cum
1423 1696 1579 1741 iugurtha
1598 1709 1666 1742 ges·

282 1740 335 1776 sit,
359 1740 499 1781 primum
519 1741 593 1780 quia
612 1751 726 1781 magur
725 1751 764 1768 m
784 1748 815 1769 et
827 1748 935 1775 atrox,
960 1741 1113 1782 variaque
1130 1741 1264 1770 victoria
1287 1740 1370 1774 fuit·
1395 1724 1484 1771 drino
1495 1742 1570 1783 quia
1595 1750 1664 1772 tum

280 1783 418 1826 primum
437 1781 606 1824 superbiae
622 1783 803 1813 nobilitatis
817 1783 947 1814 obuiam
965 1784 1046 1814 itum
1064 1791 1123 1816 est.
1128 1788 1149 1803 ‘⁶
1194 1783 1416 1827 B.1ug.c.2.

237 1848 295 1887 47)
317 1844 593 1916 Ἐῐεὲιηεῐιῐοῐυω,
621 1855 702 1886 quae
725 1856 741 1874 a
764 1844 943 1875 Debrossio
966 1844 1114 1875 instituta
1141 1852 1189 1875 est
1214 1843 1372 1882 collectio,
1396 1852 1471 1886 post
1492 1842 1562 1874 eius
1582 1855 1664 1875 mor-

280 1896 344 1918 tem
361 1898 377 1916 e
403 1887 457 1924 ita,
481 1887 658 1928 optandum
676 1895 734 1926 est,
759 1896 797 1919 ut
812 1887 930 1919 iterum
946 1888 1088 1918 examini
1104 1888 1247 1919 subiecta
1263 1887 1442 1931 meliusque
1454 1895 1561 1918 curata
1577 1887 1664 1931 apud

275 1942 336 1969 nos
357 1939 528 1972 repetatur.

233 1996 290 2032 48)
314 1991 420 2023 Germ.
445 2002 468 2021 c.
488 2000 539 2030 28.
558 1990 636 2024 Add.
661 1992 686 2023 Ῑ.
710 1992 764 2023 Ga.
791 1994 921 2034 Bergeri
946 1992 1208 2023 Commentarius
1225 1991 1264 2022 de
1280 1992 1422 2023 naturali
1439 1991 1661 2033 pulcritudine

277 2035 442 2070 orationis,
468 2036 509 2066 L.
532 2045 622 2074 1720.
641 2036 697 2076 qui
714 2036 918 2077 potissimum
938 2037 971 2066 in
990 2037 1127 2067 Caesare
1145 2044 1298 2072 versatur,
1324 2036 1376 2066 Fr.
1388 2036 1590 2077 Oudendorpii
1606 2039 1661 2069 Or.

276 2077 315 2108 (le
331 2077 468 2109 literatis
484 2078 563 2109 Iulii
581 2079 727 2110 Caesaris
742 2079 871 2118 studiis,
897 2081 937 2110 L.
953 2080 990 2111 B.
1013 2088 1103 2121 ²740·
1121 2088 1151 2119 4.
1174 2088 1207 2111 et
1225 2081 1269 2110 10.
1283 2079 1322 2110 de
1337 2079 1452 2111 Mulier
1474 2080 1599 2118 (Briefe
1616 2081 1660 2112 ei·

274 2132 331 2153 nes
345 2124 466 2166 jungen
484 2122 659 2155 Gelehrten
676 2133 718 2154 an
734 2124 847 2155 seinen
864 2123 996 2155 Freund
1010 2135 1041 2166 p.
1060 2126 1130 2163 163.
1150 2127 1207 2163 ss.)
