1875 2636
888 146 929 169 1v

189 255 388 292 defendere
409 254 674 298 constituisset,
702 254 964 297 contenderet,
992 252 1185 301 antiquam
1201 251 1555 302 historiographiam
1576 263 1663 287 con-

182 305 435 347 ‘tinuissenon
451 306 524 341 nisi
543 306 659 340 animi
683 304 834 349 iudicia,
863 305 1062 341 recentiori
1082 317 1161 340 esse
1186 305 1334 353 propria
1355 305 1488 340 mentis
1514 305 1662 346 iudicia,

190 361 225 395 h.
246 373 276 395 e.
300 359 339 394 in
363 359 428 393 illa
452 358 625 393 homines
648 370 717 405 per
734 370 773 393 se
790 358 890 405 ipsos
911 356 1085 393 absolute
1109 357 1175 393 vel
1196 356 1314 393 bonos
1339 357 1402 392 vel
1417 357 1535 391 malos
1555 354 1660 404 fingi,

190 412 237 452 in]
249 413 313 445 hac
331 420 456 445 autem
472 422 600 444 rerum
618 418 750 450 eventa
768 418 805 444 et
821 409 1020 444 hominum
1047 407 1143 444 facta
1169 420 1189 444 a
1214 409 1375 457 quadam
1394 408 1515 457 repeti
1538 418 1661 444 neces-

191 465 298 499 sitate
326 465 376 507 ⁶).
443 465 520 497 Iam
544 461 615 497 etsi
639 471 767 497 contra
795 474 876 496 eam
901 461 1241 510 historiographiae
1267 461 1556 508 descriptionem
1582 472 1660 495 non

190 515 312 551 minus
336 514 453 549 multa
478 526 592 561 quam
617 523 744 549 contra
766 514 863 548 illud
890 522 1156 554 commentum,
1186 525 1264 560 quo
1289 514 1496 549 necessitati
1520 520 1661 559 tempo-

191 578 275 603 rum
290 565 540 602 crudelissime
557 564 652 600 facta
662 565 772 601 unice
781 564 1016 608 tribuuntur,
1044 573 1220 612 poterant
1235 564 1399 602 moneri:
1426 573 1548 599 tamen
1562 576 1662 598 nunc

189 631 264 654 non
275 618 426 666 placuit,
436 617 508 651 nisi
520 618 704 657 rationem
722 625 758 652 et
777 626 907 659 artem,
934 630 1009 665 qua
1026 617 1167 653 classici
1184 618 1379 665 scriptores
1398 617 1436 651 in
1454 616 1661 651 iudicandis

180 668 380 720 factorum
396 678 432 704 et
449 682 571 704 rerum
587 665 965 718 gestarum-fontibus
993 677 1030 702 et
1049 667 1254 717 originibus
1280 670 1335 704 usi
1350 677 1446 711 sunt,
1476 677 1660 716 quatenus

191 735 231 757 ea
249 721 320 756 huc
342 720 516 770 pertinet,
546 720 732 768 explicare
754 730 792 756 et
818 720 927 766 tueri,
964 729 1077 770 atque
1100 721 1237 756 iudicia
1259 729 1352 757 vett.
1379 732 1465 756 serr.
1489 722 1533 757 de
1556 720 1660 756 Sulla

190 774 354 811 breviter
371 773 591 810 examinare.

291 879 339 912 Et
360 876 525 925 primum
551 874 704 925 quidem
734 873 924 919 omnium,
948 874 1149 923 quoniam,
1178 876 1280 925 quod
1307 876 1406 912 inter
1427 888 1556 912 omnes
1573 887 1660 912 con·

191 938 275 973 stat,
303 942 324 965 e
348 929 455 978 poesi
472 929 671 978 'originem
697 928 810 963 duxit
835 928 991 963 historia
1012 930 1070 972 ⁷),
1106 941 1219 964 nemo
1242 928 1455 974 mirabitur,
1484 928 1659 977 quemad-

190 983 347 1017 modum
364 984 497 1029 poetae
514 980 731 1016 necessitate
749 981 908 1028 quadam
925 989 963 1015 et
980 979 1066 1015 fatis
1083 981 1207 1017 omnia
1223 982 1304 1030 regi
1319 990 1357 1017 et
1373 982 1529 1017 deorum
1544 981 1659 1016 inter-

190 1042 307 1068 ventu
325 1032 403 1082 geri
419 1033 625 1067 cecinerant
647 1034 693 1076 ⁸),
720 1044 815 1079 quae
825 1032 953 1079 opinio
973 1031 1017 1067 ab
1034 1033 1291 1082 antiquissima
1310 1033 1501 1084 cogitandi
1514 1033 1660 1069 ratione

189 1099 264 1121 non
275 1085 481 1128 abhorruit,
493 1086 543 1120 ita
561 1084 673 1120 etiam
690 1083 885 1119 historicos
895 1085 1124 1132 antiquiores
1141 1087 1180 1119 in
1197 1085 1304 1120 factis
1322 1087 1530 1121 enarrandis
1547 1098 1659 1121 euen-

190 1138 315 1185 tisque
333 1136 560 1185 explicandis
577 1149 652 1172 non
664 1148 777 1171 unam
794 1144 976 1183 spectasse
986 1137 1184 1173 hominum
1201 1139 1440 1185 prudentiam
1455 1147 1492 1173 et
1510 1137 1659 1172 liberta·

190 1197 286 1233 tem,
314 1189 377 1225 sed
393 1189 584 1237 repetiisse
601 1188 764 1236 plurima
788 1200 808 1223 a
825 1187 1039 1225 necessariis
1062 1188 1287 1237 quibusdam
1310 1188 1428 1226 causis
1448 1199 1485 1226 et
1507 1188 1660 1226 rationi-

190 1241 273 1285 bus,
303 1242 447 1277 etiamsi
467 1253 525 1275 eat-r
541 1253 615 1276 non
643 1241 681 1275 in
701 1241 776 1288 ipsa
799 1253 926 1276 rerum
950 1249 1081 1277 natura
1104 1252 1336 1290 quaererent,
1365 1243 1441 1287 sed,
1469 1241 1571 1292 quod
1596 1241 1661 1277 isti

191 1294 302 1330 aetati
318 1293 573 1337 conveniebat,
602 1294 701 1328 ultra
723 1302 893 1328 naturam
912 1294 1049 1340 positas
1064 1294 1286 1330 invenirent.
1323 1297 1537 1331 Herodotus
1559 1303 1660 1330 certe

192 1347 356 1395 quidem,
381 1345 486 1382 cuius
503 1344 762 1381 commentarii
775 1345 945 1381 medium
965 1354 1094 1382 tenent
1117 1347 1214 1382 inter
1239 1341 1381 1396 epicam
1403 1357 1441 1384 et
1457 1360 1552 1398 quae
1572 1359 1660 1395 pro-

1577 1412 1659 1447 pne

238 1544 272 1583 6)
294 1541 381 1573 Sulla
399 1542 467 1573 und
483 1542 707 1584 Robespierre‚
731 1555 797 1574 von
813 1544 847 1574 F.
866 1544 921 1581 Β.,
947 1544 980 1573 in
998 1544 1131 1574 Posselc's
1143 1545 1265 1586 Europ.
1285 1541 1442 1580 Annalen,
1469 1551 1559 1584 1804-
1571 1545 1657 1576 Part.

279 1587 338 1618 IX.
361 1599 390 1628 p.
416 1595 489 1626 243.
507 1588 530 1619 f.
578 1586 759 1618 Consilium
786 1597 892 1617 autem
917 1588 986 1618 eius
1010 1588 1290 1619 commentationis
1311 1598 1377 1616 non
1402 1588 1503 1631 magis
1528 1588 1658 1630 probari

279 1630 359 1660 mihi
376 1631 493 1671 potuit,
520 1641 614 1672 quam
632 1630 737 1662 studia
754 1630 902 1668 aliorum,
927 1631 984 1673 qui
1009 1630 1156 1662 homines
1181 1641 1313 1674 magnos
1337 1630 1410 1661 illos
1435 1631 1576 1672 quidem,
1602 1631 1659 1663 sed

279 1672 407 1704 eoadem
436 1673 616 1704 turbatores
644 1674 850 1716 populorum,
896 1682 933 1706 ut
957 1674 1176 1705 Alexandrum
1205 1674 1310 1712 illum,
1356 1674 1570 1706 Macedoniae
1610 1686 1658 1707 re-

278 1729 369 1761 gem,
409 1717 460 1749 vel
484 1717 651 1749 laudarent
677 1717 899 1760 cupidissime,
937 1718 989 1750 vel
1017 1719 1131 1761 quauis
1162 1727 1229 1750 arte
1254 1728 1456 1752 excusarent.
1502 1720 1660 1762 Eripiunt

278 1762 363 1792 enim
379 1762 489 1804 generi
504 1762 657 1800 humano,
682 1773 747 1804 quo
770 1774 836 1793 uno
860 1774 893 1793 se
907 1760 1074 1793 'consolari
1098 1762 1243 1805 aliosque
1260 1768 1379 1794 terrere
1399 1763 1517 1805 potest,
1543 1763 1658 1795 iudicii

277 1813 358 1836 recu
381 1813 592 1837 severitatem.

236 1870 272 1909 7)
295 1865 346 1897 Cf.
371 1866 494 1896 Comm.
520 1877 587 1897 mea
611 1865 650 1896 de
673 1865 819 1897 fontibus
844 1875 876 1897 et
897 1867 1107 1908 scriptoribus
1127 1866 1283 1897 historiae
1306 1878 1454 1909 graecae,
1478 1868 1656 1908 praemissa

280 1909 421 1940 versioni
440 1909 628 1940 vernaculae
653 1909 850 1942 Goldsxnitbi
867 1911 953 1942 Hist.
972 1921 1019 1955 gr.
1035 1910 1126 1942 cuius
1150 1910 1244 1942 tertia
1268 1921 1371 1954 eaque
1396 1910 1500 1943 multo
1517 1911 1654 1951 auctior,

278 1952 464 1994 propediem
487 1953 629 1993 prodibit
645 1953 754 1985 editio.
799 1954 801 1956 ’

234 2017 269 2054 8)
294 2013 457 2044 Hermann.
477 2012 516 2043 de
540 2014 729 2046 necessitate
754 2016 873 2058 tragica
890 2023 922 2046 et
941 2015 1039 2056 θρίω,
1065 2016 1098 2045 in
1123 2016 1247 2048 Comm.
1270 2014 1309 2046 de
1332 2023 1411 2057 trag.
1439 2023 1471 2046 et
1494 2026 1544 2057 ep.
1563 2016 1655 2057 poesi

277 2056 317 2087 ad
330 2056 404 2087 calc.
422 2057 556 2090 Aristot.
573 2058 661 2089 Poet.
678 2069 709 2101 p.
727 2060 800 2099 263.
848 2060 890 2090 Io.
910 2058 1029 2090 Floderi
1052 2058 1124 2090 diss.
1153 2058 1192 2090 de
1216 2061 1277 2091 Ate
1294 2059 1463 2090 Homerica
1486 2059 1521 2090 in
1539 2059 1654 2092 Stoscb

275 2101 364 2131 Mus.
383 2101 464 2132 Crit.
480 2101 506 2131 Ι.
523 2113 554 2142 p.
571 2107 645 2141 204.
663 2113 704 2132 s·-
752 2104 865 2146 Heynii
883 2104 963 2136 Exc.
980 2103 1021 2132 ad
1040 2104 1137 2133 Hom.
1155 2103 1230 2134 11.1.
1252 2104 1289 2133 T.
1307 2103 1364 2133 lv.
1384 2113 1417 2144 p.
1438 2105 1509 2142 163.
1523 2113 1565 2135 n.
