1875 2636
884 151 957 177 vut

187 263 352 300 maxime
370 271 436 305 est,
454 260 611 297 consilio
635 267 799 308 prothus
812 262 1086 299 aduersaretur.
1143 262 1408 298 Verumtamen
1433 260 1523 297 sunt
1544 261 1664 300 etiam·

187 315 279 359 loca,
303 312 495 362 inquibus
511 313 565 348 ita
581 313 755 362 legantur
769 326 826 349 res
845 314 947 362 ipsae
966 322 1165 359 enarratae,
1174 324 1219 350 ut
1232 314 1332 359 inde,
1341 314 1394 350 sic
1408 326 1532 362 neque
1549 314 1659 350 aliter

188 367 308 403 facere
324 368 491 401 homines
516 365 700 409 debuisse,
728 366 930 402 clarissime
954 375 1140 414 appareat.
1197 370 1301 416 Quae
1326 366 1481 414 quidem
1506 377 1658 414 compo-

187 419 328 455 nendae
345 417 564 454 narrationis
582 429 639 452 ars
660 426 763 453 tanto
778 418 896 466 magis
913 418 1097 453 laudanda
1118 427 1184 462 est,
1214 428 1354 466 quanto
1370 419 1455 465 plus
1473 419 1660 453 lectorum

189 480 227 507 et
241 470 456 519 diligentiae
473 469 513 504 in
529 468 767 505 obseruando
791 478 830 505 et
852 469 892 505 in
913 469 1114 505 iudicando
1138 470 1301 505 acumini
1324 470 1562 518 relinquitur.
1616 472 1660 504 In

187 524 234 560 iis
252 523 340 558 locis
355 521 520 557 maxime
536 520 789 559 memorabilis
813 530 871 557 est
890 521 967 565 ille,
995 521 1058 566 eui
1073 533 1158 557 cum
1185 521 1405 570 quaestione
1430 522 1477 558 de
1499 522 1603 559 Sulla
1621 530 1660 557 et

186 575 505 622 Robertipetraeo,
542 573 642 608 vnde
665 573 787 608 omnis
811 573 1016 620 disputatio
1044 585 1177 609 exorsa
1203 583 1270 618 est,
1299 586 1432 623 magna
1461 573 1661 609 intercedit

185 626 420 665 necessitudo
438 628 517 668 ²⁴),
554 625 600 660 de
624 626 785 675 triginta
807 627 991 675 tyrannis,
1020 626 1098 673 qui,
1126 625 1234 661 finito
1251 626 1352 661 bello
1374 625 1660 673 Peloponnesia-

187 692 242 722 co,
269 677 422 715 Athenis
439 676 679 721 exstiterunt,
707 689 948 725 quorumque
964 677 1135 725 princeps
1152 676 1228 712 fuit
1251 678 1394 713 Critias.
1451 677 1522 713 Cui
1540 690 1660 726 quum

187 732 258 768 hoc
284 739 378 766 esset
396 729 646 777 propositum,
679 738 722 763 ut
739 729 784 763 ad
809 741 1016 775 paucorum
1039 729 1336 764 dominationem
1360 730 1658 778 tandemque.ad

188 795 293 819 suam
318 795 376 818 res
401 781 576 824 redirent,
625 780 726 828 quod
749 781 931 829 populare
955 779 1056 816 istud
1081 781 1245 817 ciuitatis
1270 782 1438 830 regimen
1462 791 1559 817 stare
1582 794 1659 818 non

186 847 295 884 posse
312 833 488 870 vidisset:
518 833 697 880 quoniam
711 833 912 876 intellexit,
939 846 1007 869 neo
1021 846 1130 881 posse
1146 842 1229 868 tum
1248 834 1387 885 mutari
1403 834 1565 869 ciuitatis
1582 833 1658 870 for-

184 889 300 930 mam,
320 884 544 934 ‘praesertim
567 885 606 919 iu
624 885 876 934 oligarchiam,
900 885 976 921 nisi
991 885 1141 921 ciuibus
1163 885 1307 929 multis,
1330 885 1397 933 qui
1418 886 1658 922 aduersaren-

186 949 264 983 tur,
294 937 418 974 eiectis
436 937 598 972 caesisue
624 939 697 980 ²5),
725 948 793 972 nec
820 936 939 972 teneri
963 937 1162 972 consilium
1185 950 1304 986 posse,
1333 937 1366 973 si
1389 938 1473 986 quis
1498 938 1658 988 collega·

186 1004 272 1030 rum
288 991 397 1038 isque
411 989 604 1025 mutabilis
622 988 828 1025 obstitisset
849 991 925 1032 ²⁶),
954 990 997 1024 ad
1010 1003 1090 1025 eam
1105 990 1287 1025 adductus
1302 1003 1382 1026 esse
1398 991 1559 1026 traditur
1576 1004 1657 1026 cru-

186 1044 391 1086 delitatem,
408 1055 504 1090 quae
522 1050 560 1077 et
574 1042 846 1078 Theramenem
871 1051 909 1077 et
933 1041 1034 1077 ciues
1053 1042 1144 1078 alios
1165 1043 1350 1090 plurimos
1368 1044 1529 1078 tolleret.
1584 1045 1656 1079 Illo

187 1104 314 1133 autem
342 1095 442 1138 loco,
483 1105 559 1142 quo
583 1093 834 1141 expeditionis
866 1093 1042 1130 aduersus
1066 1096 1263 1130 Persarum
1287 1107 1414 1144 regern
1438 1107 1657 1144 graecorum

186 1149 327 1187 ducum
338 1145 487 1195 ingenia
506 1145 710 1193 descripsit,
739 1145 777 1180 in
796 1145 937 1193 quibus
954 1146 1113 1194 pessima
1130 1145 1207 1182 fuit
1222 1147 1397 1183 Menonis
1412 1147 1559 1183 indoles
1579 1150 1655 1192 ²⁷),

186 1208 288 1238 tanta
302 1198 489 1246 reperitur
504 1197 672 1241 varietas,
698 1206 855 1245 tamque
870 1198 1146 1233 accommodata
1160 1199 1206 1234 ad
1222 1211 1281 1234 res
1310 1211 1441 1234 eorum
1468 1199 1657 1247 explican-

185 1253 250 1289 das
274 1251 381 1295 ratio,
405 1258 448 1285 ut
471 1249 558 1285 inde
583 1262 713 1285 causae
733 1248 920 1285 factorum
944 1249 1156 1298 probabiles
1180 1250 1344 1287 deriuari
1366 1260 1466 1287 recte
1494 1251 1653 1299 possint.

187 1308 297 1348 Nam,
324 1312 368 1338 ut
383 1303 455 1338 hoc
471 1310 569 1345 utar,
597 1315 617 1338 e
629 1302 804 1339 Menonis
820 1302 975 1350 quidem
990 1302 1160 1338 moribus
1175 1312 1276 1340 certo
1292 1302 1533 1353 intelligitur,
1561 1316 1656 1352 quo-

186 1357 302 1394 modo
318 1356 384 1391 ille
400 1355 461 1393 vel
479 1355 637 1401 prodere
659 1356 860 1403 populares
882 1355 1046 1390 barbaris
1069 1357 1131 1391 vel
1154 1355 1378 1405 proditionis
1403 1365 1502 1391 certe
1526 1368 1654 1405 suspe-

188 1419 273 1446 ctus
297 1420 376 1445 esse
400 1406 570 1458 potuerit
597 1410 670 1451 ²⁷).
725 1407 901 1443 Dicerem
923 1408 995 1444 hoc
1016 1408 1100 1445 loco
1125 1409 1239 1446 etiam
1271 1408 1317 1446 de
1338 1409 1531 1458 Agesilao,
1581 1409 1656 1445 nisi

1521 1470 1654 1498 auctor

237 1611 293 1650 24)
319 1607 405 1638 Hin.
426 1605 481 1637 Gr.
499 1605 544 1644 Π,
562 1614 592 1645 5.
609 1613 685 1638 tect.
707 1615 755 1640 ιι,
772 1616 812 1638 ss.

235 1674 291 1709 25)
315 1670 341 1699 εἰ
354 1670 406 1706 μέν
419 1680 461 1698 τις
476 1666 558 1705 ὖμῦν,
582 1667 690 1708 inquit
706 1667 823 1697 Critias
838 1666 864 1697 Ῑ.
882 1673 923 1707 24
937 1689 946 1704 ,
972 1666 1084 1706 νομίζει,
1106 1671 1223 1699 πλέονας
1244 1669 1281 1698 rii
1299 1669 1381 1710 κιιιρῖ
1401 1668 1590 1707 aino-‘inimum
1615 1671 1655 1701 ἓν·

277 1710 404 1750 runai-rw,
428 1708 474 1741 ἵτι
492 1708 546 1741 ἵνα
570 1715 709 1741 πολιτεῖαι
732 1712 913 1750 suessa-mm,
939 1713 1074 1750 πανταχῖ
1094 1713 1188 1743 ταῦτα
1213 1715 1481 1750 firm-avundus
1501 1713 1526 1746 δ’
1547 1713 1656 1754 οἷνοίγκη

275 1759 412 1794 πολεμίας
427 1755 494 1786 εῖναι
510 1757 591 1791 (non
606 1754 787 1784 addendum
803 1753 885 1794 ἡμῖν)
900 1761 954 1785 τοῖς
970 1758 1007 1785 εἰς
1026 1756 1197 1796 σ’λιγοιρχίαν
1210 1759 1349 1794 ,seems-im
1364 1772 1393 1790 κ.
1408 1770 1436 1789 τ.
1447 1763 1477 1789 λ.

235 1818 290 1856 26)
312 1814 386 1846 vid.
400 1815 430 1855 §.
448 1824 499 1853 32.
516 1824 568 1853 33.
592 1813 687 1844 Vnde
700 1815 796 1843 etiam
812 1826 910 1856 quum
928 1815 1051 1846 videret
1068 1824 1253 1847 senatorum
1273 1817 1435 1859 suffragiis
1459 1819 1530 1848 fore
1554 1827 1591 1849 ut
1601 1820 1654 1849 ab·

277 1858 477 1943 ιιῖ>1ι).(3ιέ.ῖιιι·ἒ5
492 1858 560 1898 ipse
577 1868 636 1888 suo
653 1856 784 1894 iudicio,
795 1868 899 1899 eoque
915 1857 1138 1896 iniustissime,
1164 1860 1225 1890 etsi
1240 1860 1431 1891 necessitate
1449 1870 1588 1901 extorto,
1606 1863 1655 1893 in-

277 1908 434 1938 tercessxt‚
481 1927 488 1933 .
509 1910 561 1941 51.

235 1964 291 2006 27)
316 1960 416 1993 Anah.
433 1961 478 1998 II,
495 1962 522 2012 6:
549 1961 591 1991 Et
607 1961 762 1992 Menonis
780 1961 910 2004 quidem
932 1961 1089 1994 iudicium
1113 1963 1258 1996 acerbius
1283 1973 1315 1996 et
1337 1964 1509 2004 diductius,
1530 1967 1564 1998 in
1587 1979 1654 2010 quo

277 2004 773 2091 52'31'2332'2223225&3233
788 2006 1149 2092 ssssiiss‘kii'sstffrng”¹⁸¹¹
1172 2018 1255 2051 ‘¹⁰²⁶
1278 2009 1363 2040 inm
1377 2010 1461 2041 xen.
1488 2018 1520 2042 εἰ
1541 2011 1654 2044 Mem

226 2098 291 2151 *2‘7)
315 2109 418 2143 Anah.
432 2109 477 2147 11,
494 2118 525 2149 5,
541 2116 593 2148 εδ.
