<?xml version="1.0" encoding="UTF-8"?>
<!DOCTYPE html PUBLIC "-//W3C//DTD XHTML 1.0 Transitional//EN"
    "http://www.w3.org/TR/xhtml1/DTD/xhtml1-transitional.dtd">
<html xmlns="http://www.w3.org/1999/xhtml" xml:lang="en" lang="en">
 <head>
  <title>
</title>
<meta http-equiv="Content-Type" content="text/html;charset=utf-8" />
  <meta name='ocr-system' content='tesseract 3.04.00' />
  <meta name='ocr-capabilities' content='ocr_page ocr_carea ocr_par ocr_line ocrx_word'/>
</head>
<body>
  <div class='ocr_page' id='page_1' title='image "4627577_0019.png"; bbox 0 0 1875 2636; ppageno 0'>
   <div class='ocr_carea' id='block_1_1' title="bbox 900 178 975 204">
    <p class='ocr_par' dir='ltr' id='par_1_1' title="bbox 900 178 975 204">
     <span class='ocr_line' id='line_1_1' title="bbox 900 178 975 204; baseline 0.027 -2"><span class='ocrx_word' id='word_1_1' title='bbox 900 178 975 204; x_wconf 74' lang='lat' dir='ltr'><strong>xxn</strong></span> 
     </span>
    </p>
   </div>
   <div class='ocr_carea' id='block_1_2' title="bbox 826 221 1040 231">
    <p class='ocr_par' dir='ltr' id='par_1_2' title="bbox 826 221 1040 231">
     <span class='ocr_line' id='line_1_2' title="bbox 826 221 1040 231; baseline 0 2405"><span class='ocrx_word' id='word_1_2' title='bbox 826 221 1040 231; x_wconf 95' lang='lat' dir='ltr'><strong> </strong></span> 
     </span>
    </p>
   </div>
   <div class='ocr_carea' id='block_1_3' title="bbox 191 285 1667 1015">
    <p class='ocr_par' dir='ltr' id='par_1_3' title="bbox 191 285 1667 1015">
     <span class='ocr_line' id='line_1_3' title="bbox 198 285 1666 337; baseline 0.002 -16"><span class='ocrx_word' id='word_1_3' title='bbox 198 291 292 324; x_wconf 77' lang='lat' dir='ltr'><strong>state</strong></span> <span class='ocrx_word' id='word_1_4' title='bbox 316 288 454 337; x_wconf 78' lang='lat' dir='ltr'><strong>magis,</strong></span> <span class='ocrx_word' id='word_1_5' title='bbox 480 299 592 334; x_wconf 76' lang='lat' dir='ltr'><strong>quam</strong></span> <span class='ocrx_word' id='word_1_6' title='bbox 614 287 835 323; x_wconf 77' lang='lat' dir='ltr'>narrationis</span> <span class='ocrx_word' id='word_1_7' title='bbox 859 295 1000 323; x_wconf 15' lang='lat' dir='ltr'><strong>atteret</strong></span> <span class='ocrx_word' id='word_1_8' title='bbox 1016 285 1168 323; x_wconf 35' lang='lat' dir='ltr'><strong>*iudicio</strong></span> <span class='ocrx_word' id='word_1_9' title='bbox 1189 288 1516 334; x_wconf 73' lang='lat' dir='ltr'><strong>commendantur,</strong></span> <span class='ocrx_word' id='word_1_10' title='bbox 1543 289 1584 324; x_wconf 87' lang='lat' dir='ltr'><strong>in</strong></span> <span class='ocrx_word' id='word_1_11' title='bbox 1606 288 1666 333; x_wconf 77' lang='lat' dir='ltr'><strong>iis,</strong></span> 
     </span>
     <span class='ocr_line' id='line_1_4' title="bbox 197 340 1667 389; baseline 0.002 -15"><span class='ocrx_word' id='word_1_12' title='bbox 197 340 293 386; x_wconf 87' lang='lat' dir='ltr'><strong>quos</strong></span> <span class='ocrx_word' id='word_1_13' title='bbox 313 340 359 375; x_wconf 86' lang='lat' dir='ltr'><strong>de</strong></span> <span class='ocrx_word' id='word_1_14' title='bbox 374 340 472 374; x_wconf 87' lang='lat' dir='ltr'><strong>bello</strong></span> <span class='ocrx_word' id='word_1_15' title='bbox 489 340 630 375; x_wconf 83' lang='lat' dir='ltr'><strong>Gallico</strong></span> <span class='ocrx_word' id='word_1_16' title='bbox 642 340 870 388; x_wconf 84' lang='lat' dir='ltr'><strong>conscripsit,</strong></span> <span class='ocrx_word' id='word_1_17' title='bbox 880 340 985 375; x_wconf 80' lang='lat' dir='ltr'><strong>libris</strong></span> <span class='ocrx_word' id='word_1_18' title='bbox 993 352 1121 374; x_wconf 86' lang='lat' dir='ltr'><strong>rerum</strong></span> <span class='ocrx_word' id='word_1_19' title='bbox 1137 352 1260 374; x_wconf 80' lang='lat' dir='ltr'>causas</span> <span class='ocrx_word' id='word_1_20' title='bbox 1269 341 1408 389; x_wconf 85' lang='lat' dir='ltr'><strong>repetit</strong></span> <span class='ocrx_word' id='word_1_21' title='bbox 1423 342 1667 389; x_wconf 78' lang='lat' dir='ltr'><strong>potissimum</strong></span> 
     </span>
     <span class='ocr_line' id='line_1_5' title="bbox 194 390 1665 441; baseline 0.002 -15"><span class='ocrx_word' id='word_1_22' title='bbox 194 402 215 426; x_wconf 77' lang='lat' dir='ltr'><strong>a</strong></span> <span class='ocrx_word' id='word_1_23' title='bbox 227 391 395 435; x_wconf 80' lang='lat' dir='ltr'><strong>consilio,</strong></span> <span class='ocrx_word' id='word_1_24' title='bbox 406 392 507 439; x_wconf 88' lang='lat' dir='ltr'><strong>quod</strong></span> <span class='ocrx_word' id='word_1_25' title='bbox 525 391 760 440; x_wconf 85' lang='lat' dir='ltr'><strong>temporibus</strong></span> <span class='ocrx_word' id='word_1_26' title='bbox 769 392 943 428; x_wconf 89' lang='lat' dir='ltr'><strong>omnibus</strong></span> <span class='ocrx_word' id='word_1_27' title='bbox 958 391 1163 439; x_wconf 85' lang='lat' dir='ltr'><strong>prudenter</strong></span> <span class='ocrx_word' id='word_1_28' title='bbox 1185 390 1304 427; x_wconf 86' lang='lat' dir='ltr'><strong>fuerit</strong></span> <span class='ocrx_word' id='word_1_29' title='bbox 1328 404 1441 428; x_wconf 90' lang='lat' dir='ltr'><strong>usum</strong></span> <span class='ocrx_word' id='word_1_30' title='bbox 1453 394 1532 441; x_wconf 82' lang='lat'><strong>⁴⁹),</strong></span> <span class='ocrx_word' id='word_1_31' title='bbox 1559 393 1600 429; x_wconf 89' lang='lat' dir='ltr'><strong>in</strong></span> <span class='ocrx_word' id='word_1_32' title='bbox 1618 394 1665 430; x_wconf 74' lang='lat' dir='ltr'><strong>iis</strong></span> 
     </span>
     <span class='ocr_line' id='line_1_6' title="bbox 194 444 1665 493; baseline 0.003 -15"><span class='ocrx_word' id='word_1_33' title='bbox 194 452 334 488; x_wconf 78' lang='lat' dir='ltr'><strong>autem,</strong></span> <span class='ocrx_word' id='word_1_34' title='bbox 364 444 431 492; x_wconf 90' lang='lat' dir='ltr'><strong>qui</strong></span> <span class='ocrx_word' id='word_1_35' title='bbox 447 444 571 480; x_wconf 85' lang='lat' dir='ltr'><strong>ciuilis</strong></span> <span class='ocrx_word' id='word_1_36' title='bbox 591 444 684 481; x_wconf 81' lang='lat' dir='ltr'><strong>beni</strong></span> <span class='ocrx_word' id='word_1_37' title='bbox 698 444 893 481; x_wconf 83' lang='lat' dir='ltr'><strong>historiam</strong></span> <span class='ocrx_word' id='word_1_38' title='bbox 911 450 1120 492; x_wconf 83' lang='lat' dir='ltr'><strong>exponunt,</strong></span> <span class='ocrx_word' id='word_1_39' title='bbox 1153 444 1277 481; x_wconf 88' lang='lat' dir='ltr'><strong>multo</strong></span> <span class='ocrx_word' id='word_1_40' title='bbox 1296 445 1406 493; x_wconf 86' lang='lat' dir='ltr'><strong>plura</strong></span> <span class='ocrx_word' id='word_1_41' title='bbox 1429 445 1475 483; x_wconf 81' lang='lat' dir='ltr'><strong>ad</strong></span> <span class='ocrx_word' id='word_1_42' title='bbox 1501 458 1584 482; x_wconf 87' lang='lat' dir='ltr'><strong>eam</strong></span> <span class='ocrx_word' id='word_1_43' title='bbox 1607 458 1665 482; x_wconf 71' lang='lat' dir='ltr'><strong>re-¹</strong></span> 
     </span>
     <span class='ocr_line' id='line_1_7' title="bbox 193 495 1665 545; baseline 0.003 -15"><span class='ocrx_word' id='word_1_44' title='bbox 193 495 271 531; x_wconf 84' lang='lat' dir='ltr'><strong>fert</strong></span> <span class='ocrx_word' id='word_1_45' title='bbox 286 496 545 532; x_wconf 83' lang='lat' dir='ltr'><strong>necessitatem</strong></span> <span class='ocrx_word' id='word_1_46' title='bbox 562 497 625 532; x_wconf 89' lang='lat' dir='ltr'><strong>cui</strong></span> <span class='ocrx_word' id='word_1_47' title='bbox 645 496 765 533; x_wconf 85' lang='lat' dir='ltr'><strong>fuerit</strong></span> <span class='ocrx_word' id='word_1_48' title='bbox 779 497 986 533; x_wconf 87' lang='lat' dir='ltr'><strong>cedendum</strong></span> <span class='ocrx_word' id='word_1_49' title='bbox 1011 498 1088 538; x_wconf 56' lang='lat'><strong>50)‹</strong></span> <span class='ocrx_word' id='word_1_50' title='bbox 1142 498 1183 530; x_wconf 85' lang='lat' dir='ltr'><strong>ln</strong></span> <span class='ocrx_word' id='word_1_51' title='bbox 1203 508 1277 544; x_wconf 88' lang='lat' dir='ltr'><strong>qua</strong></span> <span class='ocrx_word' id='word_1_52' title='bbox 1299 498 1516 545; x_wconf 83' lang='lat' dir='ltr'><strong>explicanda</strong></span> <span class='ocrx_word' id='word_1_53' title='bbox 1540 498 1593 533; x_wconf 88' lang='lat' dir='ltr'><strong>ita</strong></span> <span class='ocrx_word' id='word_1_54' title='bbox 1608 507 1665 535; x_wconf 86' lang='lat' dir='ltr'><strong>est</strong></span> 
     </span>
     <span class='ocr_line' id='line_1_8' title="bbox 192 546 1665 599; baseline 0.003 -16"><span class='ocrx_word' id='word_1_55' title='bbox 192 546 316 595; x_wconf 83' lang='lat' dir='ltr'><strong>perite</strong></span> <span class='ocrx_word' id='word_1_56' title='bbox 340 558 521 594; x_wconf 81' lang='lat' dir='ltr'><strong>versatus,</strong></span> <span class='ocrx_word' id='word_1_57' title='bbox 560 558 606 585; x_wconf 89' lang='lat' dir='ltr'><strong>ut</strong></span> <span class='ocrx_word' id='word_1_58' title='bbox 630 560 699 585; x_wconf 87' lang='lat' dir='ltr'><strong>nec</strong></span> <span class='ocrx_word' id='word_1_59' title='bbox 720 549 860 586; x_wconf 88' lang='lat' dir='ltr'><strong>diceret</strong></span> <span class='ocrx_word' id='word_1_60' title='bbox 885 556 1077 585; x_wconf 87' lang='lat' dir='ltr'><strong>extortum</strong></span> <span class='ocrx_word' id='word_1_61' title='bbox 1102 560 1181 584; x_wconf 83' lang='lat' dir='ltr'><strong>esse</strong></span> <span class='ocrx_word' id='word_1_62' title='bbox 1206 548 1329 585; x_wconf 87' lang='lat' dir='ltr'><strong>inuito</strong></span> <span class='ocrx_word' id='word_1_63' title='bbox 1354 549 1510 595; x_wconf 86' lang='lat' dir='ltr'><strong>bellum,</strong></span> <span class='ocrx_word' id='word_1_64' title='bbox 1560 550 1665 599; x_wconf 88' lang='lat' dir='ltr'><strong>quod</strong></span> 
     </span>
     <span class='ocr_line' id='line_1_9' title="bbox 193 601 1665 653; baseline 0.004 -18"><span class='ocrx_word' id='word_1_65' title='bbox 193 612 377 650; x_wconf 81' lang='lat' dir='ltr'><strong>magnum</strong></span> <span class='ocrx_word' id='word_1_66' title='bbox 403 601 532 638; x_wconf 83' lang='lat' dir='ltr'><strong>virum</strong></span> <span class='ocrx_word' id='word_1_67' title='bbox 555 601 796 647; x_wconf 77' lang='lat' dir='ltr'><strong>dedecuisset,</strong></span> <span class='ocrx_word' id='word_1_68' title='bbox 831 615 899 638; x_wconf 88' lang='lat' dir='ltr'><strong>nec</strong></span> <span class='ocrx_word' id='word_1_69' title='bbox 923 611 1064 638; x_wconf 86' lang='lat' dir='ltr'><strong>temere</strong></span> <span class='ocrx_word' id='word_1_70' title='bbox 1092 609 1130 636; x_wconf 87' lang='lat' dir='ltr'><strong>et</strong></span> <span class='ocrx_word' id='word_1_71' title='bbox 1153 613 1232 649; x_wconf 64' lang='lat' dir='ltr'><strong>pro&gt;</strong></span> <span class='ocrx_word' id='word_1_72' title='bbox 1248 601 1419 639; x_wconf 79' lang='lat' dir='ltr'>lubidine</span> <span class='ocrx_word' id='word_1_73' title='bbox 1443 611 1665 653; x_wconf 75' lang='lat' dir='ltr'><strong>susceptum</strong></span> 
     </span>
     <span class='ocr_line' id='line_1_10' title="bbox 194 654 1663 704; baseline 0.002 -16"><span class='ocrx_word' id='word_1_74' title='bbox 194 654 420 697; x_wconf 81' lang='lat' dir='ltr'><strong>ostenderet,</strong></span> <span class='ocrx_word' id='word_1_75' title='bbox 449 655 549 702; x_wconf 91' lang='lat' dir='ltr'><strong>quod</strong></span> <span class='ocrx_word' id='word_1_76' title='bbox 565 664 729 691; x_wconf 86' lang='lat' dir='ltr'><strong>mentem</strong></span> <span class='ocrx_word' id='word_1_77' title='bbox 743 656 987 702; x_wconf 87' lang='lat' dir='ltr'><strong>animumque</strong></span> <span class='ocrx_word' id='word_1_78' title='bbox 1003 662 1153 700; x_wconf 86' lang='lat' dir='ltr'><strong>turpem</strong></span> <span class='ocrx_word' id='word_1_79' title='bbox 1176 654 1411 700; x_wconf 83' lang='lat' dir='ltr'><strong>prodidisset.</strong></span> <span class='ocrx_word' id='word_1_80' title='bbox 1466 656 1577 704; x_wconf 83' lang='lat' dir='ltr'><strong>Quod</strong></span> <span class='ocrx_word' id='word_1_81' title='bbox 1601 657 1663 691; x_wconf 82' lang='lat' dir='ltr'><strong>Li-</strong></span> 
     </span>
     <span class='ocr_line' id='line_1_11' title="bbox 193 704 1663 757; baseline 0.001 -16"><span class='ocrx_word' id='word_1_82' title='bbox 193 705 255 741; x_wconf 85' lang='lat' dir='ltr'><strong>vio</strong></span> <span class='ocrx_word' id='word_1_83' title='bbox 272 704 312 740; x_wconf 90' lang='lat' dir='ltr'><strong>in</strong></span> <span class='ocrx_word' id='word_1_84' title='bbox 328 706 433 742; x_wconf 84' lang='lat' dir='ltr'><strong>omni</strong></span> <span class='ocrx_word' id='word_1_85' title='bbox 455 719 567 755; x_wconf 89' lang='lat' dir='ltr'><strong>opere</strong></span> <span class='ocrx_word' id='word_1_86' title='bbox 586 707 824 755; x_wconf 81' lang='lat' dir='ltr'><strong>propositum</strong></span> <span class='ocrx_word' id='word_1_87' title='bbox 850 706 926 742; x_wconf 85' lang='lat' dir='ltr'><strong>fuit</strong></span> <span class='ocrx_word' id='word_1_88' title='bbox 948 709 965 731; x_wconf 78' lang='lat'>5</span> <span class='ocrx_word' id='word_1_89' title='bbox 975 709 1022 750; x_wconf 82' lang='lat'><strong>¹),</strong></span> <span class='ocrx_word' id='word_1_90' title='bbox 1050 704 1160 741; x_wconf 81' lang='lat' dir='ltr'><strong>facile</strong></span> <span class='ocrx_word' id='word_1_91' title='bbox 1184 705 1316 743; x_wconf 90' lang='lat' dir='ltr'><strong>docere</strong></span> <span class='ocrx_word' id='word_1_92' title='bbox 1338 716 1474 755; x_wconf 87' lang='lat' dir='ltr'><strong>potest,</strong></span> <span class='ocrx_word' id='word_1_93' title='bbox 1502 707 1663 757; x_wconf 81' lang='lat' dir='ltr'><strong>diligen-</strong></span> 
     </span>
     <span class='ocr_line' id='line_1_12' title="bbox 192 757 1664 809; baseline 0.003 -18"><span class='ocrx_word' id='word_1_94' title='bbox 192 757 329 793; x_wconf 86' lang='lat' dir='ltr'><strong>tiorem</strong></span> <span class='ocrx_word' id='word_1_95' title='bbox 345 770 431 794; x_wconf 88' lang='lat' dir='ltr'><strong>eum</strong></span> <span class='ocrx_word' id='word_1_96' title='bbox 447 759 487 793; x_wconf 84' lang='lat' dir='ltr'><strong>iu</strong></span> <span class='ocrx_word' id='word_1_97' title='bbox 503 759 672 795; x_wconf 86' lang='lat' dir='ltr'><strong>moribus</strong></span> <span class='ocrx_word' id='word_1_98' title='bbox 689 767 727 795; x_wconf 86' lang='lat' dir='ltr'><strong>et</strong></span> <span class='ocrx_word' id='word_1_99' title='bbox 740 760 899 809; x_wconf 80' lang='lat' dir='ltr'><strong>ingeniis</strong></span> <span class='ocrx_word' id='word_1_100' title='bbox 916 759 1003 795; x_wconf 78' lang='lat' dir='ltr'><strong>siu-e</strong></span> <span class='ocrx_word' id='word_1_101' title='bbox 1015 758 1252 807; x_wconf 77' lang='lat' dir='ltr'><strong>singulorum</strong></span> <span class='ocrx_word' id='word_1_102' title='bbox 1268 759 1467 798; x_wconf 81' lang='lat' dir='ltr'><strong>hominum</strong></span> <span class='ocrx_word' id='word_1_103' title='bbox 1490 762 1507 784; x_wconf 81' lang='lat'>5</span> <span class='ocrx_word' id='word_1_104' title='bbox 1517 763 1565 804; x_wconf 85' lang='lat'><strong>²),</strong></span> <span class='ocrx_word' id='word_1_105' title='bbox 1580 760 1664 809; x_wconf 70' lang='lat' dir='ltr'><strong>siue</strong></span> 
     </span>
     <span class='ocr_line' id='line_1_13' title="bbox 191 809 1663 860; baseline 0.002 -16"><span class='ocrx_word' id='word_1_106' title='bbox 191 810 328 856; x_wconf 89' lang='lat' dir='ltr'><strong>populi</strong></span> <span class='ocrx_word' id='word_1_107' title='bbox 343 811 519 846; x_wconf 86' lang='lat' dir='ltr'><strong>ordinum</strong></span> <span class='ocrx_word' id='word_1_108' title='bbox 536 820 575 846; x_wconf 88' lang='lat' dir='ltr'><strong>et</strong></span> <span class='ocrx_word' id='word_1_109' title='bbox 593 812 713 860; x_wconf 86' lang='lat' dir='ltr'><strong>gentis</strong></span> <span class='ocrx_word' id='word_1_110' title='bbox 729 812 927 846; x_wconf 85' lang='lat' dir='ltr'><strong>uniuersae</strong></span> <span class='ocrx_word' id='word_1_111' title='bbox 951 809 1122 845; x_wconf 86' lang='lat' dir='ltr'><strong>notandis</strong></span> <span class='ocrx_word' id='word_1_112' title='bbox 1138 817 1175 844; x_wconf 89' lang='lat' dir='ltr'><strong>et</strong></span> <span class='ocrx_word' id='word_1_113' title='bbox 1189 811 1253 845; x_wconf 86' lang='lat' dir='ltr'><strong>vel</strong></span> <span class='ocrx_word' id='word_1_114' title='bbox 1271 813 1494 846; x_wconf 85' lang='lat' dir='ltr'><strong>exornandis</strong></span> <span class='ocrx_word' id='word_1_115' title='bbox 1517 812 1579 847; x_wconf 84' lang='lat' dir='ltr'><strong>vel</strong></span> <span class='ocrx_word' id='word_1_116' title='bbox 1605 811 1663 846; x_wconf 85' lang='lat' dir='ltr'><strong>vi-</strong></span> 
     </span>
     <span class='ocr_line' id='line_1_14' title="bbox 192 860 1662 910; baseline 0.001 -15"><span class='ocrx_word' id='word_1_117' title='bbox 192 861 421 909; x_wconf 86' lang='lat' dir='ltr'><strong>tuperandis,</strong></span> <span class='ocrx_word' id='word_1_118' title='bbox 449 874 561 910; x_wconf 81' lang='lat' dir='ltr'><strong>quam</strong></span> <span class='ocrx_word' id='word_1_119' title='bbox 578 863 617 899; x_wconf 90' lang='lat' dir='ltr'><strong>in</strong></span> <span class='ocrx_word' id='word_1_120' title='bbox 639 862 685 898; x_wconf 84' lang='lat' dir='ltr'><strong>iis</strong></span> <span class='ocrx_word' id='word_1_121' title='bbox 701 875 828 899; x_wconf 89' lang='lat' dir='ltr'><strong>rerum</strong></span> <span class='ocrx_word' id='word_1_122' title='bbox 845 860 1055 898; x_wconf 81' lang='lat' dir='ltr'><strong>rationibus</strong></span> <span class='ocrx_word' id='word_1_123' title='bbox 1073 869 1111 896; x_wconf 88' lang='lat' dir='ltr'><strong>et</strong></span> <span class='ocrx_word' id='word_1_124' title='bbox 1125 861 1324 902; x_wconf 86' lang='lat' dir='ltr'><strong>momentis</strong></span> <span class='ocrx_word' id='word_1_125' title='bbox 1339 861 1550 900; x_wconf 82' lang='lat' dir='ltr'><strong>adferendis</strong></span> <span class='ocrx_word' id='word_1_126' title='bbox 1566 860 1662 898; x_wconf 78' lang='lat' dir='ltr'><strong>fuis-</strong></span> 
     </span>
     <span class='ocr_line' id='line_1_15' title="bbox 192 910 1657 963; baseline 0.001 -15"><span class='ocrx_word' id='word_1_127' title='bbox 192 925 242 957; x_wconf 88' lang='lat' dir='ltr'><strong>se,</strong></span> <span class='ocrx_word' id='word_1_128' title='bbox 271 926 436 961; x_wconf 86' lang='lat' dir='ltr'><strong>quorum</strong></span> <span class='ocrx_word' id='word_1_129' title='bbox 453 914 492 950; x_wconf 89' lang='lat' dir='ltr'><strong>vi</strong></span> <span class='ocrx_word' id='word_1_130' title='bbox 508 915 661 951; x_wconf 85' lang='lat' dir='ltr'><strong>consilia</strong></span> <span class='ocrx_word' id='word_1_131' title='bbox 678 927 785 963; x_wconf 84' lang='lat' dir='ltr'><strong>saepe</strong></span> <span class='ocrx_word' id='word_1_132' title='bbox 815 913 1064 957; x_wconf 85' lang='lat' dir='ltr'><strong>flecterentur,</strong></span> <span class='ocrx_word' id='word_1_133' title='bbox 1092 922 1312 961; x_wconf 87' lang='lat' dir='ltr'><strong>regerentur</strong></span> <span class='ocrx_word' id='word_1_134' title='bbox 1335 910 1466 963; x_wconf 76' lang='lat' dir='ltr'><strong>coepta</strong></span> <span class='ocrx_word' id='word_1_135' title='bbox 1489 925 1528 952; x_wconf 87' lang='lat' dir='ltr'><strong>et</strong></span> <span class='ocrx_word' id='word_1_136' title='bbox 1549 913 1657 951; x_wconf 80' lang='lat' dir='ltr'><strong>facta.</strong></span> 
     </span>
     <span class='ocr_line' id='line_1_16' title="bbox 192 966 1660 1015; baseline 0.001 -15"><span class='ocrx_word' id='word_1_137' title='bbox 192 968 293 1013; x_wconf 79' lang='lat' dir='ltr'><strong>Quas</strong></span> <span class='ocrx_word' id='word_1_138' title='bbox 311 966 463 1013; x_wconf 85' lang='lat' dir='ltr'><strong>quidem</strong></span> <span class='ocrx_word' id='word_1_139' title='bbox 478 966 638 1006; x_wconf 81' lang='lat' dir='ltr'><strong>rationes</strong></span> <span class='ocrx_word' id='word_1_140' title='bbox 656 979 734 1015; x_wconf 89' lang='lat' dir='ltr'><strong>quo</strong></span> <span class='ocrx_word' id='word_1_141' title='bbox 756 966 884 1003; x_wconf 82' lang='lat' dir='ltr'><strong>minus</strong></span> <span class='ocrx_word' id='word_1_142' title='bbox 907 978 951 1001; x_wconf 88' lang='lat' dir='ltr'><strong>eo</strong></span> <span class='ocrx_word' id='word_1_143' title='bbox 977 978 1052 1013; x_wconf 90' lang='lat' dir='ltr'><strong>quo</strong></span> <span class='ocrx_word' id='word_1_144' title='bbox 1068 973 1146 1000; x_wconf 83' lang='lat' dir='ltr'><strong>erat</strong></span> <span class='ocrx_word' id='word_1_145' title='bbox 1162 966 1297 1000; x_wconf 89' lang='lat' dir='ltr'><strong>mentis</strong></span> <span class='ocrx_word' id='word_1_146' title='bbox 1318 967 1487 1002; x_wconf 83' lang='lat' dir='ltr'><strong>acumine</strong></span> <span class='ocrx_word' id='word_1_147' title='bbox 1509 967 1660 1015; x_wconf 81' lang='lat' dir='ltr'><strong>indaga-</strong></span> 
     </span>
    </p>
   </div>
   <div class='ocr_carea' id='block_1_4' title="bbox 190 1016 1658 1108">
    <p class='ocr_par' dir='ltr' id='par_1_4' title="bbox 190 1016 1658 1108">
     <span class='ocr_line' id='line_1_17' title="bbox 190 1016 1658 1068; baseline 0 -14"><span class='ocrx_word' id='word_1_148' title='bbox 190 1026 275 1063; x_wconf 83' lang='lat' dir='ltr'><strong>ret„</strong></span> <span class='ocrx_word' id='word_1_149' title='bbox 291 1017 372 1067; x_wconf 88' lang='lat' dir='ltr'><strong>ipsa</strong></span> <span class='ocrx_word' id='word_1_150' title='bbox 394 1019 465 1056; x_wconf 85' lang='lat' dir='ltr'><strong>ista</strong></span> <span class='ocrx_word' id='word_1_151' title='bbox 488 1018 719 1067; x_wconf 83' lang='lat' dir='ltr'><strong>superstitio,</strong></span> <span class='ocrx_word' id='word_1_152' title='bbox 754 1031 850 1068; x_wconf 84' lang='lat' dir='ltr'><strong>quae</strong></span> <span class='ocrx_word' id='word_1_153' title='bbox 870 1018 978 1057; x_wconf 86' lang='lat' dir='ltr'><strong>nullo</strong></span> <span class='ocrx_word' id='word_1_154' title='bbox 994 1029 1070 1054; x_wconf 87' lang='lat' dir='ltr'><strong>non</strong></span> <span class='ocrx_word' id='word_1_155' title='bbox 1092 1016 1176 1054; x_wconf 92' lang='lat' dir='ltr'><strong>loco</strong></span> <span class='ocrx_word' id='word_1_156' title='bbox 1192 1016 1377 1068; x_wconf 81' lang='lat' dir='ltr'><strong>prodigiis</strong></span> <span class='ocrx_word' id='word_1_157' title='bbox 1402 1028 1441 1055; x_wconf 87' lang='lat' dir='ltr'><strong>et</strong></span> <span class='ocrx_word' id='word_1_158' title='bbox 1466 1018 1658 1056; x_wconf 86' lang='lat' dir='ltr'><strong>ominibus</strong></span> 
     </span>
     <span class='ocr_line' id='line_1_18' title="bbox 1074 1080 1658 1108; baseline 0.002 -1"><span class='ocrx_word' id='word_1_159' title='bbox 1074 1092 1077 1093; x_wconf 31' lang='grc' dir='ltr'><em>ν</em></span> <span class='ocrx_word' id='word_1_160' title='bbox 1577 1080 1658 1108; x_wconf 89' lang='lat' dir='ltr'><strong>ute-</strong></span> 
     </span>
    </p>
   </div>
   <div class='ocr_carea' id='block_1_5' title="bbox 235 1222 1063 1266">
    <p class='ocr_par' dir='ltr' id='par_1_5' title="bbox 235 1222 1063 1266">
     <span class='ocr_line' id='line_1_19' title="bbox 235 1222 1063 1266; baseline 0 -8"><span class='ocrx_word' id='word_1_161' title='bbox 235 1225 295 1266; x_wconf 79' lang='grc'><strong>49)</strong></span> <span class='ocrx_word' id='word_1_162' title='bbox 317 1223 355 1258; x_wconf 80' lang='lat' dir='ltr'><strong>B.</strong></span> <span class='ocrx_word' id='word_1_163' title='bbox 372 1223 456 1259; x_wconf 79' lang='lat' dir='ltr'><strong>Gall.</strong></span> <span class='ocrx_word' id='word_1_164' title='bbox 471 1224 499 1262; x_wconf 91' lang='lat' dir='ltr'><strong>I,</strong></span> <span class='ocrx_word' id='word_1_165' title='bbox 514 1234 566 1266; x_wconf 84' lang='lat'><strong>37.</strong></span> <span class='ocrx_word' id='word_1_166' title='bbox 586 1222 657 1258; x_wconf 76' lang='lat' dir='ltr'><strong>add.</strong></span> <span class='ocrx_word' id='word_1_167' title='bbox 672 1224 769 1257; x_wconf 79' lang='lat' dir='ltr'><strong>etiam</strong></span> <span class='ocrx_word' id='word_1_168' title='bbox 785 1223 817 1259; x_wconf 75' lang='lat' dir='ltr'><strong>l).</strong></span> <span class='ocrx_word' id='word_1_169' title='bbox 836 1223 909 1258; x_wconf 81' lang='lat' dir='ltr'><strong>civ.</strong></span> <span class='ocrx_word' id='word_1_170' title='bbox 924 1224 952 1263; x_wconf 88' lang='lat'><strong>1,</strong></span> <span class='ocrx_word' id='word_1_171' title='bbox 968 1234 1019 1265; x_wconf 84' lang='lat'><strong>70.</strong></span> <span class='ocrx_word' id='word_1_172' title='bbox 1036 1235 1063 1258; x_wconf 72' lang='grc' dir='ltr'><strong>ι.</strong></span> 
     </span>
    </p>
   </div>
   <div class='ocr_carea' id='block_1_6' title="bbox 234 1301 1656 1693">
    <p class='ocr_par' dir='ltr' id='par_1_6' title="bbox 234 1301 1656 1693">
     <span class='ocr_line' id='line_1_20' title="bbox 234 1301 1655 1346; baseline 0.001 -14"><span class='ocrx_word' id='word_1_173' title='bbox 234 1306 291 1342; x_wconf 83' lang='lat'><strong>50)</strong></span> <span class='ocrx_word' id='word_1_174' title='bbox 315 1303 399 1334; x_wconf 90' lang='lat' dir='ltr'><strong>Nam</strong></span> <span class='ocrx_word' id='word_1_175' title='bbox 413 1303 551 1344; x_wconf 84' lang='lat' dir='ltr'><strong>primum</strong></span> <span class='ocrx_word' id='word_1_176' title='bbox 568 1301 645 1333; x_wconf 88' lang='lat' dir='ltr'><strong>belli</strong></span> <span class='ocrx_word' id='word_1_177' title='bbox 661 1302 767 1333; x_wconf 87' lang='lat' dir='ltr'><strong>ciuilis</strong></span> <span class='ocrx_word' id='word_1_178' title='bbox 792 1302 933 1346; x_wconf 85' lang='lat' dir='ltr'><strong>origines</strong></span> <span class='ocrx_word' id='word_1_179' title='bbox 956 1301 1108 1332; x_wconf 71' lang='lat' dir='ltr'><strong>tractauit</strong></span> <span class='ocrx_word' id='word_1_180' title='bbox 1137 1302 1192 1339; x_wconf 81' lang='lat' dir='ltr'><strong>ita,</strong></span> <span class='ocrx_word' id='word_1_181' title='bbox 1217 1309 1256 1333; x_wconf 83' lang='lat' dir='ltr'><strong>ut</strong></span> <span class='ocrx_word' id='word_1_182' title='bbox 1278 1312 1355 1340; x_wconf 88' lang='lat' dir='ltr'><strong>non,</strong></span> <span class='ocrx_word' id='word_1_183' title='bbox 1380 1301 1468 1345; x_wconf 83' lang='lat' dir='ltr'><strong>quod</strong></span> <span class='ocrx_word' id='word_1_184' title='bbox 1493 1301 1550 1333; x_wconf 83' lang='lat' dir='ltr'><strong>alii</strong></span> <span class='ocrx_word' id='word_1_185' title='bbox 1573 1302 1655 1335; x_wconf 78' lang='lat' dir='ltr'><strong>fece·</strong></span> 
     </span>
     <span class='ocr_line' id='line_1_21' title="bbox 277 1344 1655 1388; baseline 0 -11"><span class='ocrx_word' id='word_1_186' title='bbox 277 1354 364 1381; x_wconf 85' lang='lat' dir='ltr'><strong>runt,</strong></span> <span class='ocrx_word' id='word_1_187' title='bbox 389 1357 498 1377; x_wconf 76' lang='lat' dir='ltr'><strong>causas</strong></span> <span class='ocrx_word' id='word_1_188' title='bbox 517 1346 586 1377; x_wconf 85' lang='lat' dir='ltr'><strong>eius</strong></span> <span class='ocrx_word' id='word_1_189' title='bbox 606 1357 718 1378; x_wconf 84' lang='lat' dir='ltr'><strong>omnes</strong></span> <span class='ocrx_word' id='word_1_190' title='bbox 749 1353 961 1383; x_wconf 81' lang='lat' dir='ltr'><strong>enumeraret,</strong></span> <span class='ocrx_word' id='word_1_191' title='bbox 982 1344 1049 1382; x_wconf 88' lang='lat' dir='ltr'><strong>sed,</strong></span> <span class='ocrx_word' id='word_1_192' title='bbox 1072 1356 1155 1386; x_wconf 86' lang='lat' dir='ltr'><strong>quae</strong></span> <span class='ocrx_word' id='word_1_193' title='bbox 1179 1345 1320 1376; x_wconf 86' lang='lat' dir='ltr'><strong>iniuriae</strong></span> <span class='ocrx_word' id='word_1_194' title='bbox 1343 1357 1504 1388; x_wconf 79' lang='lat' dir='ltr'><strong>quamque</strong></span> <span class='ocrx_word' id='word_1_195' title='bbox 1522 1347 1655 1388; x_wconf 76' lang='lat' dir='ltr'><strong>iniquae</strong></span> 
     </span>
     <span class='ocr_line' id='line_1_22' title="bbox 277 1388 1656 1432; baseline 0 -11"><span class='ocrx_word' id='word_1_196' title='bbox 277 1388 480 1421; x_wconf 86' lang='lat' dir='ltr'><strong>conditiones</strong></span> <span class='ocrx_word' id='word_1_197' title='bbox 497 1390 614 1431; x_wconf 83' lang='lat' dir='ltr'><strong>ipsum,</strong></span> <span class='ocrx_word' id='word_1_198' title='bbox 638 1400 830 1432; x_wconf 85' lang='lat' dir='ltr'><strong>quamquam</strong></span> <span class='ocrx_word' id='word_1_199' title='bbox 857 1400 874 1419; x_wconf 94' lang='lat' dir='ltr'><strong>a</strong></span> <span class='ocrx_word' id='word_1_200' title='bbox 891 1388 1011 1419; x_wconf 85' lang='lat' dir='ltr'><strong>ciuium</strong></span> <span class='ocrx_word' id='word_1_201' title='bbox 1033 1388 1127 1419; x_wconf 82' lang='lat' dir='ltr'><strong>caede</strong></span> <span class='ocrx_word' id='word_1_202' title='bbox 1149 1388 1386 1427; x_wconf 79' lang='lat' dir='ltr'><strong>abhorrentem,</strong></span> <span class='ocrx_word' id='word_1_203' title='bbox 1410 1389 1565 1421; x_wconf 86' lang='lat' dir='ltr'><strong>iusserint</strong></span> <span class='ocrx_word' id='word_1_204' title='bbox 1589 1390 1656 1422; x_wconf 84' lang='lat' dir='ltr'><strong>exi·</strong></span> 
     </span>
     <span class='ocr_line' id='line_1_23' title="bbox 276 1432 1654 1477; baseline 0 -13"><span class='ocrx_word' id='word_1_205' title='bbox 276 1434 492 1464; x_wconf 72' lang='lat' dir='ltr'><strong>stimationem</strong></span> <span class='ocrx_word' id='word_1_206' title='bbox 509 1433 763 1477; x_wconf 81' lang='lat' dir='ltr'><strong>dignitatemque</strong></span> <span class='ocrx_word' id='word_1_207' title='bbox 778 1444 867 1464; x_wconf 85' lang='lat' dir='ltr'><strong>suam</strong></span> <span class='ocrx_word' id='word_1_208' title='bbox 883 1432 1066 1468; x_wconf 78' lang='lat' dir='ltr'><strong>defendere,</strong></span> <span class='ocrx_word' id='word_1_209' title='bbox 1085 1432 1269 1463; x_wconf 75' lang='lat' dir='ltr'><strong>ostenderet</strong></span> <span class='ocrx_word' id='word_1_210' title='bbox 1285 1433 1330 1473; x_wconf 85' lang='lat' dir='ltr'><strong>(I,</strong></span> <span class='ocrx_word' id='word_1_211' title='bbox 1347 1444 1376 1473; x_wconf 89' lang='lat'><strong>7.</strong></span> <span class='ocrx_word' id='word_1_212' title='bbox 1385 1443 1416 1474; x_wconf 87' lang='lat'><strong>9.</strong></span> <span class='ocrx_word' id='word_1_213' title='bbox 1431 1445 1478 1463; x_wconf 81' lang='grc' dir='ltr'><strong>ιι.</strong></span> <span class='ocrx_word' id='word_1_214' title='bbox 1490 1433 1561 1465; x_wconf 74' lang='lat' dir='ltr'><strong>add.</strong></span> <span class='ocrx_word' id='word_1_215' title='bbox 1572 1435 1654 1474; x_wconf 53' lang='grc' dir='ltr'><strong>δι),</strong></span> 
     </span>
     <span class='ocr_line' id='line_1_24' title="bbox 277 1474 1654 1518; baseline 0 -10"><span class='ocrx_word' id='word_1_216' title='bbox 277 1476 404 1515; x_wconf 84' lang='lat' dir='ltr'><strong>deinde,</strong></span> <span class='ocrx_word' id='word_1_217' title='bbox 427 1513 430 1515; x_wconf 19' lang='lat' dir='ltr'>v</span> <span class='ocrx_word' id='word_1_218' title='bbox 452 1476 602 1514; x_wconf 82' lang='lat' dir='ltr'><strong>uomodo,</strong></span> <span class='ocrx_word' id='word_1_219' title='bbox 626 1476 802 1518; x_wconf 82' lang='lat' dir='ltr'><strong>repudiatis</strong></span> <span class='ocrx_word' id='word_1_220' title='bbox 818 1475 857 1507; x_wconf 85' lang='lat' dir='ltr'><strong>ab</strong></span> <span class='ocrx_word' id='word_1_221' title='bbox 871 1477 964 1507; x_wconf 80' lang='lat' dir='ltr'><strong>hoste</strong></span> <span class='ocrx_word' id='word_1_222' title='bbox 991 1474 1234 1506; x_wconf 81' lang='lat' dir='ltr'><strong>conditionibus</strong></span> <span class='ocrx_word' id='word_1_223' title='bbox 1252 1476 1413 1513; x_wconf 84' lang='lat' dir='ltr'><strong>omnibus,</strong></span> <span class='ocrx_word' id='word_1_224' title='bbox 1438 1478 1654 1508; x_wconf 77' lang='lat' dir='ltr'><strong>necessarium</strong></span> 
     </span>
     <span class='ocr_line' id='line_1_25' title="bbox 275 1517 1652 1563; baseline 0 -11"><span class='ocrx_word' id='word_1_225' title='bbox 275 1521 378 1552; x_wconf 82' lang='lat' dir='ltr'><strong>fuerit</strong></span> <span class='ocrx_word' id='word_1_226' title='bbox 392 1521 442 1552; x_wconf 90' lang='lat' dir='ltr'><strong>bel</strong></span> <span class='ocrx_word' id='word_1_227' title='bbox 460 1532 512 1551; x_wconf 91' lang='lat' dir='ltr'><strong>um</strong></span> <span class='ocrx_word' id='word_1_228' title='bbox 527 1521 686 1563; x_wconf 83' lang='lat' dir='ltr'><strong>persequi,</strong></span> <span class='ocrx_word' id='word_1_229' title='bbox 710 1519 836 1551; x_wconf 84' lang='lat' dir='ltr'><strong>doceret</strong></span> <span class='ocrx_word' id='word_1_230' title='bbox 853 1519 935 1558; x_wconf 85' lang='lat'><strong>(111,</strong></span> <span class='ocrx_word' id='word_1_231' title='bbox 951 1520 1004 1549; x_wconf 81' lang='grc' dir='ltr'><strong>ἰο.</strong></span> <span class='ocrx_word' id='word_1_232' title='bbox 1024 1520 1072 1551; x_wconf 83' lang='grc' dir='ltr'><strong>ι6.</strong></span> <span class='ocrx_word' id='word_1_233' title='bbox 1087 1523 1138 1559; x_wconf 83' lang='lat' dir='ltr'><strong>s.).</strong></span> <span class='ocrx_word' id='word_1_234' title='bbox 1184 1517 1273 1561; x_wconf 87' lang='lat' dir='ltr'><strong>Quid</strong></span> <span class='ocrx_word' id='word_1_235' title='bbox 1298 1519 1384 1550; x_wconf 87' lang='lat' dir='ltr'><strong>enim</strong></span> <span class='ocrx_word' id='word_1_236' title='bbox 1398 1519 1652 1563; x_wconf 84' lang='lat' dir='ltr'><strong>relinquebatur,</strong></span> 
     </span>
     <span class='ocr_line' id='line_1_26' title="bbox 275 1562 1653 1609; baseline 0 -14"><span class='ocrx_word' id='word_1_237' title='bbox 275 1570 375 1609; x_wconf 72' lang='lat' dir='ltr'><strong>quum</strong></span> <span class='ocrx_word' id='word_1_238' title='bbox 392 1565 557 1596; x_wconf 84' lang='lat' dir='ltr'><strong>Labienus</strong></span> <span class='ocrx_word' id='word_1_239' title='bbox 580 1565 834 1608; x_wconf 74' lang='lat' dir='ltr'><strong>pronunciasset,</strong></span> <span class='ocrx_word' id='word_1_240' title='bbox 858 1563 922 1594; x_wconf 89' lang='lat' dir='ltr'><strong>nisi</strong></span> <span class='ocrx_word' id='word_1_241' title='bbox 945 1562 1089 1593; x_wconf 82' lang='lat' dir='ltr'><strong>Caesaris</strong></span> <span class='ocrx_word' id='word_1_242' title='bbox 1114 1562 1218 1605; x_wconf 85' lang='lat' dir='ltr'><strong>capite</strong></span> <span class='ocrx_word' id='word_1_243' title='bbox 1241 1562 1343 1594; x_wconf 85' lang='lat' dir='ltr'><strong>relato</strong></span> <span class='ocrx_word' id='word_1_244' title='bbox 1366 1574 1475 1606; x_wconf 84' lang='lat' dir='ltr'><strong>pacem</strong></span> <span class='ocrx_word' id='word_1_245' title='bbox 1494 1574 1563 1595; x_wconf 84' lang='lat' dir='ltr'><strong>esse</strong></span> <span class='ocrx_word' id='word_1_246' title='bbox 1586 1575 1653 1595; x_wconf 87' lang='lat' dir='ltr'><strong>non</strong></span> 
     </span>
     <span class='ocr_line' id='line_1_27' title="bbox 273 1604 1652 1650; baseline -0.001 -11"><span class='ocrx_word' id='word_1_247' title='bbox 273 1609 393 1650; x_wconf 79' lang='lat' dir='ltr'><strong>posse?</strong></span> <span class='ocrx_word' id='word_1_248' title='bbox 440 1609 531 1650; x_wconf 80' lang='lat' dir='ltr'><strong>Quae</strong></span> <span class='ocrx_word' id='word_1_249' title='bbox 547 1609 615 1649; x_wconf 79' lang='lat' dir='ltr'><strong>ipsa</strong></span> <span class='ocrx_word' id='word_1_250' title='bbox 632 1619 692 1644; x_wconf 86' lang='lat' dir='ltr'><strong>res,</strong></span> <span class='ocrx_word' id='word_1_251' title='bbox 716 1604 843 1638; x_wconf 71' lang='lat' dir='ltr'><strong>elismsi</strong></span> <span class='ocrx_word' id='word_1_252' title='bbox 851 1608 1017 1637; x_wconf 77' lang='lat' dir='ltr'><strong>Caesarem</strong></span> <span class='ocrx_word' id='word_1_253' title='bbox 1035 1605 1253 1636; x_wconf 68' lang='lat' dir='ltr'><strong>dissimulasse</strong></span> <span class='ocrx_word' id='word_1_254' title='bbox 1275 1607 1434 1637; x_wconf 86' lang='lat' dir='ltr'><strong>nonnulla</strong></span> <span class='ocrx_word' id='word_1_255' title='bbox 1450 1615 1570 1648; x_wconf 76' lang='lat' dir='ltr'><strong>pateat,</strong></span> <span class='ocrx_word' id='word_1_256' title='bbox 1595 1609 1652 1637; x_wconf 89' lang='lat' dir='ltr'><strong>mi-</strong></span> 
     </span>
     <span class='ocr_line' id='line_1_28' title="bbox 272 1648 1652 1693; baseline -0.001 -9"><span class='ocrx_word' id='word_1_257' title='bbox 272 1652 340 1685; x_wconf 77' lang='lat' dir='ltr'><strong>tius</strong></span> <span class='ocrx_word' id='word_1_258' title='bbox 357 1660 467 1683; x_wconf 82' lang='lat' dir='ltr'><strong>tamen</strong></span> <span class='ocrx_word' id='word_1_259' title='bbox 484 1650 522 1682; x_wconf 86' lang='lat' dir='ltr'><strong>de</strong></span> <span class='ocrx_word' id='word_1_260' title='bbox 539 1650 769 1683; x_wconf 65' lang='lat' dir='ltr'><strong>eiusmsiliis</strong></span> <span class='ocrx_word' id='word_1_261' title='bbox 785 1648 1015 1693; x_wconf 79' lang='lat' dir='ltr'><strong>opprimendae</strong></span> <span class='ocrx_word' id='word_1_262' title='bbox 1031 1649 1100 1680; x_wconf 85' lang='lat' dir='ltr'><strong>eius</strong></span> <span class='ocrx_word' id='word_1_263' title='bbox 1117 1660 1199 1692; x_wconf 85' lang='lat' dir='ltr'><strong>quae</strong></span> <span class='ocrx_word' id='word_1_264' title='bbox 1214 1657 1284 1680; x_wconf 88' lang='lat' dir='ltr'><strong>tum</strong></span> <span class='ocrx_word' id='word_1_265' title='bbox 1302 1657 1371 1681; x_wconf 79' lang='lat' dir='ltr'><strong>erat</strong></span> <span class='ocrx_word' id='word_1_266' title='bbox 1384 1650 1583 1692; x_wconf 83' lang='lat' dir='ltr'><strong>reipublicae</strong></span> <span class='ocrx_word' id='word_1_267' title='bbox 1603 1651 1652 1681; x_wconf 79' lang='lat' dir='ltr'><strong>iu-</strong></span> 
     </span>
    </p>
   </div>
   <div class='ocr_carea' id='block_1_7' title="bbox 278 1694 611 1728">
    <p class='ocr_par' dir='ltr' id='par_1_7' title="bbox 278 1694 611 1728">
     <span class='ocr_line' id='line_1_29' title="bbox 278 1694 611 1728; baseline 0.003 -1"><span class='ocrx_word' id='word_1_268' title='bbox 278 1696 383 1727; x_wconf 73' lang='lat' dir='ltr'><strong>dIcare</strong></span> <span class='ocrx_word' id='word_1_269' title='bbox 399 1706 458 1727; x_wconf 90' lang='lat' dir='ltr'><strong>nos</strong></span> <span class='ocrx_word' id='word_1_270' title='bbox 475 1694 611 1728; x_wconf 89' lang='lat' dir='ltr'><strong>iubebit.</strong></span> 
     </span>
    </p>
   </div>
   <div class='ocr_carea' id='block_1_8' title="bbox 235 1752 1653 1929">
    <p class='ocr_par' dir='ltr' id='par_1_8' title="bbox 235 1752 1653 1929">
     <span class='ocr_line' id='line_1_30' title="bbox 235 1752 1651 1799; baseline -0.001 -13"><span class='ocrx_word' id='word_1_271' title='bbox 235 1761 296 1799; x_wconf 80' lang='lat'><strong>5²)</strong></span> <span class='ocrx_word' id='word_1_272' title='bbox 319 1756 368 1789; x_wconf 77' lang='lat' dir='ltr'><strong>Ad</strong></span> <span class='ocrx_word' id='word_1_273' title='bbox 381 1755 433 1786; x_wconf 86' lang='lat' dir='ltr'><strong>illa</strong></span> <span class='ocrx_word' id='word_1_274' title='bbox 451 1755 604 1797; x_wconf 78' lang='lat' dir='ltr'><strong>mihipte</strong></span> <span class='ocrx_word' id='word_1_275' title='bbox 621 1764 654 1785; x_wconf 83' lang='lat' dir='ltr'><strong>se</strong></span> <span class='ocrx_word' id='word_1_276' title='bbox 670 1753 807 1797; x_wconf 81' lang='lat' dir='ltr'><strong>quisque</strong></span> <span class='ocrx_word' id='word_1_277' title='bbox 822 1752 938 1784; x_wconf 71' lang='lat' dir='ltr'><strong>acriter</strong></span> <span class='ocrx_word' id='word_1_278' title='bbox 952 1752 1100 1784; x_wconf 78' lang='lat' dir='ltr'><strong>intendat</strong></span> <span class='ocrx_word' id='word_1_279' title='bbox 1121 1753 1275 1790; x_wconf 78' lang='lat' dir='ltr'><strong>animum,</strong></span> <span class='ocrx_word' id='word_1_280' title='bbox 1303 1764 1386 1795; x_wconf 84' lang='lat' dir='ltr'><strong>quse</strong></span> <span class='ocrx_word' id='word_1_281' title='bbox 1409 1753 1488 1791; x_wconf 84' lang='lat' dir='ltr'><strong>vita,</strong></span> <span class='ocrx_word' id='word_1_282' title='bbox 1513 1754 1570 1796; x_wconf 82' lang='lat' dir='ltr'><strong>qui</strong></span> <span class='ocrx_word' id='word_1_283' title='bbox 1588 1765 1651 1785; x_wconf 87' lang='lat' dir='ltr'><strong>mo-</strong></span> 
     </span>
     <span class='ocr_line' id='line_1_31' title="bbox 279 1795 1653 1841; baseline -0.001 -10"><span class='ocrx_word' id='word_1_284' title='bbox 279 1812 328 1832; x_wconf 85' lang='lat' dir='ltr'><strong>res</strong></span> <span class='ocrx_word' id='word_1_285' title='bbox 346 1800 489 1835; x_wconf 81' lang='lat' dir='ltr'><strong>fuerint;</strong></span> <span class='ocrx_word' id='word_1_286' title='bbox 512 1810 570 1841; x_wconf 79' lang='lat' dir='ltr'><strong>per</strong></span> <span class='ocrx_word' id='word_1_287' title='bbox 586 1809 666 1841; x_wconf 88' lang='lat' dir='ltr'><strong>quos</strong></span> <span class='ocrx_word' id='word_1_288' title='bbox 682 1798 784 1834; x_wconf 58' lang='lat' dir='ltr'><strong>viros,</strong></span> <span class='ocrx_word' id='word_1_289' title='bbox 805 1796 921 1839; x_wconf 81' lang='lat' dir='ltr'><strong>quibus</strong></span> <span class='ocrx_word' id='word_1_290' title='bbox 936 1795 1068 1834; x_wconf 80' lang='lat' dir='ltr'><strong>artibus,</strong></span> <span class='ocrx_word' id='word_1_291' title='bbox 1100 1796 1189 1827; x_wconf 86' lang='lat' dir='ltr'><strong>domi</strong></span> <span class='ocrx_word' id='word_1_292' title='bbox 1204 1796 1405 1839; x_wconf 78' lang='lat' dir='ltr'><strong>militiaeque</strong></span> <span class='ocrx_word' id='word_1_293' title='bbox 1421 1805 1454 1828; x_wconf 88' lang='lat' dir='ltr'><strong>et</strong></span> <span class='ocrx_word' id='word_1_294' title='bbox 1470 1806 1596 1839; x_wconf 80' lang='lat' dir='ltr'><strong>partum</strong></span> <span class='ocrx_word' id='word_1_295' title='bbox 1620 1807 1653 1829; x_wconf 79' lang='lat' dir='ltr'><strong>et</strong></span> 
     </span>
     <span class='ocr_line' id='line_1_32' title="bbox 275 1839 1652 1885; baseline -0.003 -9"><span class='ocrx_word' id='word_1_296' title='bbox 275 1852 404 1879; x_wconf 74' lang='lat' dir='ltr'><strong>suctum</strong></span> <span class='ocrx_word' id='word_1_297' title='bbox 423 1843 590 1885; x_wconf 86' lang='lat' dir='ltr'><strong>imperium</strong></span> <span class='ocrx_word' id='word_1_298' title='bbox 609 1842 652 1873; x_wconf 80' lang='lat' dir='ltr'><strong>sit</strong></span> <span class='ocrx_word' id='word_1_299' title='bbox 667 1850 725 1872; x_wconf 86' lang='lat' dir='ltr'><strong>etc.</strong></span> <span class='ocrx_word' id='word_1_300' title='bbox 747 1841 822 1873; x_wconf 81' lang='lat' dir='ltr'><strong>Liv.</strong></span> <span class='ocrx_word' id='word_1_301' title='bbox 841 1840 942 1883; x_wconf 80' lang='lat' dir='ltr'><strong>praef.</strong></span> <span class='ocrx_word' id='word_1_302' title='bbox 989 1840 1072 1870; x_wconf 85' lang='lat' dir='ltr'><strong>Cum</strong></span> <span class='ocrx_word' id='word_1_303' title='bbox 1089 1839 1282 1881; x_wconf 86' lang='lat' dir='ltr'><strong>Thucydide</strong></span> <span class='ocrx_word' id='word_1_304' title='bbox 1307 1852 1381 1871; x_wconf 82' lang='lat' dir='ltr'><strong>eum</strong></span> <span class='ocrx_word' id='word_1_305' title='bbox 1410 1841 1555 1882; x_wconf 66' lang='lat' dir='ltr'><strong>Rapinus,</strong></span> <span class='ocrx_word' id='word_1_306' title='bbox 1580 1853 1652 1872; x_wconf 90' lang='lat' dir='ltr'><strong>cum</strong></span> 
     </span>
     <span class='ocr_line' id='line_1_33' title="bbox 275 1883 1630 1929; baseline -0.003 -9"><span class='ocrx_word' id='word_1_307' title='bbox 275 1887 447 1920; x_wconf 83' lang='lat' dir='ltr'><strong>Herodoto</strong></span> <span class='ocrx_word' id='word_1_308' title='bbox 459 1886 593 1929; x_wconf 80' lang='lat' dir='ltr'><strong>Alvefius</strong></span> <span class='ocrx_word' id='word_1_309' title='bbox 611 1893 706 1916; x_wconf 75' lang='lat' dir='ltr'><strong>autea</strong></span> <span class='ocrx_word' id='word_1_310' title='bbox 721 1883 880 1921; x_wconf 81' lang='lat' dir='ltr'><strong>laudatus,</strong></span> <span class='ocrx_word' id='word_1_311' title='bbox 905 1894 977 1914; x_wconf 86' lang='lat' dir='ltr'><strong>cum</strong></span> <span class='ocrx_word' id='word_1_312' title='bbox 995 1883 1112 1914; x_wconf 82' lang='lat' dir='ltr'><strong>Tacito</strong></span> <span class='ocrx_word' id='word_1_313' title='bbox 1131 1884 1201 1915; x_wconf 78' lang='lat' dir='ltr'><strong><em>Tho.</em></strong></span> <span class='ocrx_word' id='word_1_314' title='bbox 1219 1884 1369 1914; x_wconf 78' lang='lat' dir='ltr'><strong>Humerus</strong></span> <span class='ocrx_word' id='word_1_315' title='bbox 1392 1893 1630 1927; x_wconf 83' lang='lat' dir='ltr'><strong>compararunt.</strong></span> 
     </span>
    </p>
   </div>
   <div class='ocr_carea' id='block_1_9' title="bbox 233 1960 1653 2137">
    <p class='ocr_par' dir='ltr' id='par_1_9' title="bbox 233 1960 1653 2137">
     <span class='ocr_line' id='line_1_34' title="bbox 233 1960 1651 2010; baseline -0.003 -13"><span class='ocrx_word' id='word_1_316' title='bbox 233 1971 291 2010; x_wconf 71' lang='lat'><strong>52)</strong></span> <span class='ocrx_word' id='word_1_317' title='bbox 313 1966 353 1997; x_wconf 89' lang='lat' dir='ltr'><strong>In</strong></span> <span class='ocrx_word' id='word_1_318' title='bbox 370 1965 420 1996; x_wconf 88' lang='lat' dir='ltr'><strong>his</strong></span> <span class='ocrx_word' id='word_1_319' title='bbox 435 1964 514 1995; x_wconf 84' lang='lat' dir='ltr'><strong>locis</strong></span> <span class='ocrx_word' id='word_1_320' title='bbox 530 1971 606 1994; x_wconf 88' lang='lat' dir='ltr'><strong>sunt</strong></span> <span class='ocrx_word' id='word_1_321' title='bbox 622 1963 752 2007; x_wconf 83' lang='lat' dir='ltr'><strong>egregii,</strong></span> <span class='ocrx_word' id='word_1_322' title='bbox 778 1962 846 2005; x_wconf 87' lang='lat' dir='ltr'><strong>qui,</strong></span> <span class='ocrx_word' id='word_1_323' title='bbox 870 1970 906 1993; x_wconf 80' lang='lat' dir='ltr'><strong>ut</strong></span> <span class='ocrx_word' id='word_1_324' title='bbox 923 1961 1006 1992; x_wconf 85' lang='lat' dir='ltr'><strong>facta</strong></span> <span class='ocrx_word' id='word_1_325' title='bbox 1022 1960 1177 2004; x_wconf 80' lang='lat' dir='ltr'><strong>quaedam</strong></span> <span class='ocrx_word' id='word_1_326' title='bbox 1192 1970 1277 1992; x_wconf 84' lang='lat' dir='ltr'><strong>noua</strong></span> <span class='ocrx_word' id='word_1_327' title='bbox 1294 1969 1327 1993; x_wconf 76' lang='lat' dir='ltr'><strong>et</strong></span> <span class='ocrx_word' id='word_1_328' title='bbox 1336 1972 1449 2004; x_wconf 85' lang='lat' dir='ltr'><strong>parum</strong></span> <span class='ocrx_word' id='word_1_329' title='bbox 1468 1971 1651 2005; x_wconf 67' lang='lat' dir='ltr'><strong>exspectata</strong></span> 
     </span>
     <span class='ocr_line' id='line_1_35' title="bbox 273 2004 1652 2053; baseline -0.004 -12"><span class='ocrx_word' id='word_1_330' title='bbox 273 2021 314 2042; x_wconf 85' lang='lat' dir='ltr'><strong>ex</strong></span> <span class='ocrx_word' id='word_1_331' title='bbox 332 2009 472 2053; x_wconf 81' lang='lat' dir='ltr'><strong>ingeniis</strong></span> <span class='ocrx_word' id='word_1_332' title='bbox 488 2006 704 2051; x_wconf 80' lang='lat' dir='ltr'><strong>singularibus</strong></span> <span class='ocrx_word' id='word_1_333' title='bbox 726 2006 940 2049; x_wconf 79' lang='lat' dir='ltr'><strong>explicentur,</strong></span> <span class='ocrx_word' id='word_1_334' title='bbox 964 2004 1081 2042; x_wconf 85' lang='lat' dir='ltr'><strong>valent,</strong></span> <span class='ocrx_word' id='word_1_335' title='bbox 1100 2012 1138 2036; x_wconf 84' lang='lat' dir='ltr'><strong>ut</strong></span> <span class='ocrx_word' id='word_1_336' title='bbox 1155 2005 1291 2043; x_wconf 81' lang='lat' dir='ltr'><strong>XXXV,</strong></span> <span class='ocrx_word' id='word_1_337' title='bbox 1318 2012 1379 2045; x_wconf 76' lang='lat'><strong>43..</strong></span> <span class='ocrx_word' id='word_1_338' title='bbox 1417 2005 1540 2043; x_wconf 89' lang='lat' dir='ltr'><strong>„Nulla</strong></span> <span class='ocrx_word' id='word_1_339' title='bbox 1562 2007 1652 2050; x_wconf 82' lang='lat' dir='ltr'><strong>inge-</strong></span> 
     </span>
     <span class='ocr_line' id='line_1_36' title="bbox 272 2049 1650 2094; baseline -0.003 -10"><span class='ocrx_word' id='word_1_340' title='bbox 272 2055 326 2084; x_wconf 79' lang='lat' dir='ltr'><strong>nia</strong></span> <span class='ocrx_word' id='word_1_341' title='bbox 342 2062 406 2084; x_wconf 83' lang='lat' dir='ltr'><strong>tam</strong></span> <span class='ocrx_word' id='word_1_342' title='bbox 426 2063 525 2094; x_wconf 87' lang='lat' dir='ltr'><strong>prona</strong></span> <span class='ocrx_word' id='word_1_343' title='bbox 541 2050 579 2082; x_wconf 86' lang='lat' dir='ltr'><strong>ad</strong></span> <span class='ocrx_word' id='word_1_344' title='bbox 597 2050 754 2081; x_wconf 76' lang='lat' dir='ltr'><strong>inuidiam</strong></span> <span class='ocrx_word' id='word_1_345' title='bbox 771 2058 857 2085; x_wconf 74' lang='lat' dir='ltr'><strong>sunt.</strong></span> <span class='ocrx_word' id='word_1_346' title='bbox 877 2059 1110 2091; x_wconf 51' lang='lat' dir='ltr'><strong>,quameoruxm</strong></span> <span class='ocrx_word' id='word_1_347' title='bbox 1135 2049 1191 2091; x_wconf 89' lang='lat' dir='ltr'><strong>qui</strong></span> <span class='ocrx_word' id='word_1_348' title='bbox 1205 2059 1308 2092; x_wconf 82' lang='lat' dir='ltr'><strong>genus</strong></span> <span class='ocrx_word' id='word_1_349' title='bbox 1326 2060 1362 2079; x_wconf 81' lang='lat' dir='ltr'><strong>ac</strong></span> <span class='ocrx_word' id='word_1_350' title='bbox 1377 2050 1542 2080; x_wconf 83' lang='lat' dir='ltr'><strong>fortunam</strong></span> <span class='ocrx_word' id='word_1_351' title='bbox 1559 2061 1650 2082; x_wconf 84' lang='lat' dir='ltr'><strong>suam</strong></span> 
     </span>
     <span class='ocr_line' id='line_1_37' title="bbox 272 2091 1653 2137; baseline -0.003 -9"><span class='ocrx_word' id='word_1_352' title='bbox 272 2098 387 2129; x_wconf 79' lang='lat' dir='ltr'><strong>animis</strong></span> <span class='ocrx_word' id='word_1_353' title='bbox 402 2108 468 2127; x_wconf 67' lang='lat' dir='ltr'><strong>nun</strong></span> <span class='ocrx_word' id='word_1_354' title='bbox 486 2104 643 2137; x_wconf 80' lang='lat' dir='ltr'><strong>aequant:</strong></span> <span class='ocrx_word' id='word_1_355' title='bbox 666 2095 741 2137; x_wconf 82' lang='lat' dir='ltr'><strong>quia</strong></span> <span class='ocrx_word' id='word_1_356' title='bbox 757 2094 910 2126; x_wconf 77' lang='lat' dir='ltr'><strong>virtutem</strong></span> <span class='ocrx_word' id='word_1_357' title='bbox 922 2101 956 2124; x_wconf 87' lang='lat' dir='ltr'><strong>et</strong></span> <span class='ocrx_word' id='word_1_358' title='bbox 971 2092 1090 2124; x_wconf 84' lang='lat' dir='ltr'><strong>bouum</strong></span> <span class='ocrx_word' id='word_1_359' title='bbox 1105 2091 1247 2123; x_wconf 79' lang='lat' dir='ltr'><strong>alienum</strong></span> <span class='ocrx_word' id='word_1_360' title='bbox 1272 2092 1434 2124; x_wconf 71' lang='lat' dir='ltr'><strong>oderum⁴⁸</strong></span> <span class='ocrx_word' id='word_1_361' title='bbox 1456 2093 1565 2131; x_wconf 85' lang='lat' dir='ltr'><strong>unde,</strong></span> <span class='ocrx_word' id='word_1_362' title='bbox 1596 2105 1653 2125; x_wconf 88' lang='lat' dir='ltr'><strong>cur</strong></span> 
     </span>
    </p>
   </div>
   <div class='ocr_carea' id='block_1_10' title="bbox 272 2136 1651 2182">
    <p class='ocr_par' dir='ltr' id='par_1_10' title="bbox 272 2136 1651 2182">
     <span class='ocr_line' id='line_1_38' title="bbox 272 2136 1651 2182; baseline -0.001 -9"><span class='ocrx_word' id='word_1_363' title='bbox 272 2140 454 2174; x_wconf 84' lang='lat' dir='ltr'><strong>Antiochus</strong></span> <span class='ocrx_word' id='word_1_364' title='bbox 470 2138 674 2179; x_wconf 75' lang='lat' dir='ltr'><strong>Hannibalis,</strong></span> <span class='ocrx_word' id='word_1_365' title='bbox 689 2138 774 2172; x_wconf 73' lang='lat' dir='ltr'><strong>tanti</strong></span> <span class='ocrx_word' id='word_1_366' title='bbox 790 2137 891 2178; x_wconf 77' lang='lat' dir='ltr'><strong>ducis,</strong></span> <span class='ocrx_word' id='word_1_367' title='bbox 904 2136 1075 2169; x_wconf 82' lang='lat' dir='ltr'><strong>consilium</strong></span> <span class='ocrx_word' id='word_1_368' title='bbox 1090 2136 1227 2168; x_wconf 77' lang='lat' dir='ltr'><strong>abiicere</strong></span> <span class='ocrx_word' id='word_1_369' title='bbox 1244 2136 1403 2176; x_wconf 77' lang='lat' dir='ltr'><strong>debuerit,</strong></span> <span class='ocrx_word' id='word_1_370' title='bbox 1428 2137 1538 2169; x_wconf 76' lang='lat' dir='ltr'><strong>statim</strong></span> <span class='ocrx_word' id='word_1_371' title='bbox 1552 2146 1651 2182; x_wconf 81' lang='lat' dir='ltr'><strong>patet.</strong></span> 
     </span>
    </p>
   </div>
  </div>
 </body>
</html>
